4934 6184
1817 667 2371 736 ORATIO.
3479 663 3605 735 239

575 885 757 960 bono
822 887 1097 958 auctore
1158 879 1449 978 indigna
1465 935 1486 967 ,
1548 875 1803 979 partim
1868 899 2027 953 vero
2090 874 2303 950 libros
2371 873 2660 973 scriptos
2715 873 2814 948 ita
2870 873 3207 948 rimentur
3221 931 3242 961 ,
3309 883 3390 950 ut
3443 873 3608 950 vitia

568 1002 778 1078 etiam
822 999 1255 1078 librariorum
1298 996 1615 1097 religiose
1654 1001 2187 1097 repraesentent.
2288 995 2401 1070 Ita
2440 993 2524 1067 fit
2566 999 2646 1068 ut
2688 992 2976 1092 quidam
3013 999 3326 1068 auctores
3369 1015 3608 1072 recens

566 1120 739 1196 editi
794 1119 1027 1196 minus
1093 1117 1303 1192 etiam
1350 1138 1565 1214 quam
1614 1113 1781 1190 olim
1836 1113 1977 1190 sint
2033 1112 2227 1214 plani
2274 1121 2345 1188 et
2390 1112 2624 1188 faciles
2673 1112 2764 1188 ad
2815 1111 3368 1212 intelligendum.
3468 1111 3610 1188 Sed

567 1264 677 1313 res
740 1235 867 1336 qui
924 1259 999 1310 se
1060 1232 1311 1310 habeat
1382 1234 1713 1311 auditote.
1822 1233 2035 1326 Quod
2096 1232 2744 1311 Wrr‘rnumcnms
2811 1233 3076 1308 viderat
3123 1232 3266 1308 iam
3284 1291 3304 1322 ,
3353 1231 3604 1307 discer-

568 1357 871 1432 nandam
955 1378 1105 1431 esse
1173 1355 1543 1454 leyitimam
1618 1352 1983 1429 lectionem
2064 1379 2107 1428 a
2170 1379 2333 1428 vera
2350 1411 2371 1442 ,
2441 1352 2774 1428 librorum
2839 1346 3319 1430 auctoritatem
3336 1411 3357 1440 ,
3430 1376 3606 1451 quae

568 1475 885 1574 quamvis
929 1473 1299 1574 depravata
1346 1481 1581 1550 tamen
1634 1473 1917 1548 initium
1970 1480 2042 1548 et
2076 1463 2297 1572 ‘quasi
2338 1472 2874 1549 fundamentum
2920 1471 3420 1548 emendationis
3457 1495 3606 1546 esse

569 1594 888 1683 deberet,
948 1619 993 1670 a
1058 1594 1363 1695 genuina
1423 1594 1715 1670 lectione
1774 1593 1866 1669 ab
1920 1593 2073 1694 ipso
2118 1601 2397 1670 auctore
2442 1592 2782 1698 profecta,
2851 1593 2928 1668 id
2977 1591 3388 1668 recentiores
3431 1615 3604 1666 non·

566 1713 741 1790 nulli
811 1715 1153 1814 persecuti
1224 1723 1429 1804 sunt,
1498 1738 1583 1790 ea
1656 1722 1891 1790 tamen
1964 1714 2117 1814 lege
2136 1773 2157 1802 ,
2232 1723 2313 1788 ut
2380 1738 2582 1816 saepe
2634 1713 3038 1788 alterutram
3083 1711 3293 1788 modo
3339 1709 3605 1786 critices

565 1835 985 1934 provinciam
1040 1835 1503 1933 susciperent3
1570 1833 1691 1910 alii
1743 1833 1837 1910 ad
1880 1833 2435 1910 emendationem
2481 1833 2884 1908 accederent
2901 1891 2922 1920 ,
2970 1831 3086 1908 alii
3133 1831 3206 1906 in
3255 1830 3602 1930 scriptori-

564 1952 699 2029 bus
760 1953 1049 2029 edendis
1102 1979 1147 2030 a
1198 1953 1409 2030 MSS.
1468 1955 1599 2028 toti
1651 1953 2069 2055 penderent,
2120 1953 2265 2027 sive
2319 1954 2511 2052 quod
2561 1953 2823 2052 ubique
2870 1953 3194 2028 traditam
3243 1951 3606 2026 lectionem

564 2079 1067 2160 revererentur,
1136 2073 1279 2148 sive
1349 2073 1542 2171 quod
1594 2073 2097 2148 emendationis
2150 2072 2478 2146 tutiorem
2540 2073 2722 2146 viam
2771 2072 3040 2146 munire
3091 2071 3362 2148 vellent.
3465 2071 3605 2146 Ita·

562 2215 699 2290 que
748 2190 841 2266 ab
902 2191 1117 2266 altera
1175 2197 1371 2289 parte
1414 2191 1633 2266 maior
1683 2191 1965 2290 libertas
1986 2250 2007 2282 ,
2058 2191 2147 2267 ab
2201 2190 2416 2268 altera
2464 2190 2686 2266 maior
2725 2190 2966 2290 religio
3012 2189 3168 2266 fuit.
3267 2190 3608 2266 Posterio-

560 2335 715 2384 rum
761 2333 969 2408 opera
1024 2309 1101 2384 in
1148 2309 1421 2408 scriptis
1466 2310 1671 2409 plane
1718 2313 2059 2411 corruptis
2112 2311 2387 2411 egregie
2438 2310 2870 2386 consumitur
2889 2369 2910 2398 ,
2965 2310 3088 2385 sed
3143 2310 3444 2385 multum
3504 2315 3612 2384 est

561 2428 831 2502 diversa
877 2427 967 2502 ab
1026 2426 1529 2502 emendationis
1576 2428 1941 2518 facultate,
2002 2453 2213 2528 quam
2270 2429 2467 2504 alteri
2517 2429 2653 2502 sibi
2699 2429 3079 2514 vindicant,
3136 2436 3206 2501 et
3255 2453 3431 2524 quae
3479 2428 3609 2503 hoc

562 2547 633 2620 in
676 2569 929 2646 genere
974 2568 1248 2621 summa
1292 2554 1431 2636 est,
1475 2571 1655 2646 quae
1696 2554 1933 2624 tamen
1972 2548 2125 2648 ipsa
2167 2549 2379 2624 MSS.
2420 2546 2964 2647 perscrutatione
3006 2545 3188 2620 velut
3229 2547 3608 2620 necessario

562 2666 831 2766 indiget
872 2667 1355 2742 instrumento.
1434 2667 1689 2767 Neque
1736 2677 1969 2744 tamen
2012 2667 2085 2742 in
2128 2664 2554 2766 planioribus
2595 2673 2778 2741 certe
2825 2673 2948 2742 aut
2991 2661 3224 2739 minus
3269 2663 3606 2766 corruptis
3735 2691 3740 2696 ·

564 2785 835 2885 scriptis
880 2775 1513 2862 commendandum
1568 2787 1841 2862 videtur
1856 2845 1881 2878 ,
1934 2795 2015 2862 nt
2058 2795 2423 2862 contextus
2472 2787 2588 2861 ille
2634 2785 2990 2886 legitimus
3031 2785 3402 2884 separatim
3445 2784 3604 2858 eda·

564 2913 698 2979 tur.
798 2905 889 2977 Id
942 2928 1163 3003 quum
1215 2904 1335 2981 alii
1376 2905 1810 2996 iudicarunt,
1854 2913 2008 2981 tum
2049 2906 2522 2998 Msnvmius,
2573 2931 2784 3006 quem
2837 2907 3028 2983 haud
3075 2907 3216 2982 scio
3259 2931 3349 2982 an
3399 2905 3602 2981 hodie

561 3024 635 3097 in
683 3023 929 3098 litteris
977 3023 1248 3100 Latinis
1312 3025 1703 3100 excolendis
1754 3025 2135 3125 principem
2196 3025 2336 3100 dici
2394 3025 2794 3114 conveniat,
2848 3025 2970 3124 qui
3021 3024 3230 3104 etiam
3290 3025 3364 3097 in
3411 3021 3604 3099 libris

562 3143 649 3218 de
692 3141 989 3218 Finibus
1036 3143 1207 3218 satis
1246 3143 1598 3244 impeditis
1644 3145 1945 3222 mediam
1992 3145 2345 3244 quandam
2392 3155 2463 3220 et
2503 3169 2614 3219 me
2657 3144 2940 3243 quidem
2981 3144 3210 3218 iudice
3249 3143 3602 3218 meliorem

560 3265 893 3339 rationem
962 3263 1135 3340 iniit.
1238 3265 1427 3340 Nam
1495 3266 1629 3340 etsi
1682 3289 1956 3340 summa
2014 3289 2181 3341 cura
2230 3272 2303 3340 et
2348 3265 2680 3365 religione
2731 3264 2906 3340 adeo
2963 3264 3232 3340 codices
3292 3288 3602 3362 perscru-

560 3393 783 3471 tatus,
838 3391 917 3457 ut
962 3383 1313 3482 archetypi
1378 3383 1780 3474 lectionem,
1848 3405 2061 3483 quam
2116 3384 2407 3460 eandem
2454 3383 2835 3483 legitimam
2885 3384 3044 3459 licet
3097 3384 3356 3472 dicere,
3413 3384 3600 3458 inve·

556 3503 771 3592 niret,
817 3513 1047 3578 tamen
1096 3502 1367 3602 quoties
1418 3503 1587 3579 haec
1630 3527 1773 3578 non
1824 3503 2326 3594 satisfaciebat,
2380 3512 2452 3580 et
2508 3529 2670 3580 suas
2723 3514 2794 3580 et
2837 3505 3128 3581 aliorum
3177 3505 3600 3580 emendatio·

558 3647 680 3698 nes
750 3622 1139 3720 complures
1209 3623 1485 3719 recepit.
1608 3623 1727 3696 Ad
1802 3649 2015 3722 quam
2080 3623 2444 3700 lectionem
2511 3625 2999 3700 inveniendam
3067 3625 3238 3700 dum
3303 3625 3602 3723 optimos
3747 3664 3751 3666 -

562 3741 771 3816 libros
820 3740 1050 3838 eligit,
1100 3739 1227 3814 hos
1276 3739 1403 3814 ubi
1448 3762 1727 3814 necesse
1770 3749 1880 3816 est
1914 3741 2239 3816 emendat
2257 3799 2277 3830 ,
2324 3742 2580 3816 rivulos
2623 3766 2710 3818 ex
2757 3742 2868 3816 his
2921 3743 3254 3816 deductos
3299 3743 3599 3840 spernit,

563 3869 635 3933 et
700 3858 1185 3958 superstitione
1250 3858 1369 3932 illa
1430 3858 1765 3938 liberatur
1833 3883 1921 3935 ex
1982 3884 2123 3959 qua
2198 3859 2407 3936 unius
2474 3857 2834 3936 cuiusdam
2898 3859 3056 3934 libri
3101 3860 3278 3935 fides
3334 3861 3596 3938 ratione

562 3979 787 4080 potior
834 4003 1035 4078 saepe
1082 3976 1417 4066 habetur,
1466 3986 1539 4054 et
1584 3977 1777 4058 inani
1818 3978 2235 4079 syllabarum
2278 3987 2350 4056 et
2392 3979 2672 4080 apicum
2715 3977 3011 4081 aucupio
3055 3979 3130 4054 in
3167 3979 3304 4056 illis
3342 3981 3549 4057 MSS.
3572 4041 3592 4071 ,

560 4124 735 4200 quos
777 4123 864 4174 ex
910 4099 1309 4174 melioribus
1360 4099 1739 4199 descriptos
1782 4125 1933 4176 esse
1974 4103 2353 4194 constat1).

550 4279 563 4292 .
658 4223 907 4320 Itaque
968 4219 1227 4318 duplex
1270 4221 1469 4318 quasi
1524 4218 1828 4296 stadium
1877 4219 2151 4297 criticae
2209 4218 2377 4295 artis
2436 4218 2890 4294 excercendae
2936 4226 3253 4318 apertum
3307 4219 3590 4307 videtis3

562 4341 857 4416 alterum
920 4339 1335 4429 industriae,
1398 4339 1663 4440 ingenii
1720 4341 2037 4416 alterum.
2134 4340 2385 4416 Fateor
2430 4337 2618 4414 illius
2663 4338 3016 4437 archetypi
3059 4340 3200 4414 sive
3243 4337 3590 4438 legitimae

562 4459 873 4535 lectionis
914 4458 1375 4559 exquirendae
1406 4460 1693 4536 nimiam
1723 4483 1967 4536 curam
1998 4485 2149 4536 esse
2166 4485 2371 4559 posse
2394 4467 2520 4534 aut
2541 4458 2796 4534 frustra
2823 4467 3236 4556 susceptam.
3307 4459 3587 4532 Etenim

564 4581 780 4656 bonas
830 4578 1125 4656 subinde
1180 4579 1505 4656 lectiones
1554 4579 1627 4655 ιιι
1674 4579 2127 4657 deterioribus
2178 4579 2385 4656 MSS.
2442 4578 2756 4653 inventas
2801 4577 3232 4654 librariorum
3283 4578 3588 4653 acumini

639 4847 689 4922 ¹)
730 4847 911 4910 Praef.
952 4845 1023 4908 ad
1062 4845 1233 4907 libros
1271 4845 1339 4906 de
1376 4844 1503 4906 Ru.
1544 4865 1597 4924 p.
1640 4841 1793 4902 xm.
