4934 6184
1287 683 1418 752 250
2269 677 2464 750 VAN
2524 672 2983 743 BONEVAL
3038 673 3361 742 FAURE

1231 925 1252 931 -
1387 889 1570 965 Sane
1625 887 1723 962 sic
1766 907 2016 985 parum
2061 881 2302 960 aberat
2343 882 2517 983 quin
2557 883 2979 980 reformandi
3031 879 3384 982 proposito
3428 877 3699 970 relicto,
3754 903 3933 980 opus
3994 879 4131 958 sibi
4172 905 4327 981 per·

1284 1012 1544 1086 fectum
1611 1014 1824 1104 atque
1873 1003 2272 1081 absolutum
2335 1003 2685 1080 condituri
2744 1001 3143 1078 viderentur
3184 1000 3503 1078 codicum
3554 1000 3657 1076 illi
3698 1001 3973 1100 patroni
3990 1059 4011 1090 ‚
4066 1003 4329 1106 quippe

1285 1128 1474 1230 quod
1545 1126 1740 1200 omni
1807 1124 2226 1200 destitutum
2329 1123 2681 1199 doctrinae
2752 1121 3011 1197 auxilio
3068 1120 3229 1196 *sibi
3314 1119 3549 1224 ipsum
3628 1119 3990 1198 sufficeret.
4114 1125 4327 1204 Quod

1285 1246 1634 1350 quomodo
1699 1271 1788 1322 ex
1841 1255 1988 1322 tam
2058 1244 2461 1352 imperfecta
2506 1243 2595 1318 de
2652 1265 2793 1342 qua
2840 1239 3309 1341 querebantur
3356 1238 3529 1316 iuris
3580 1240 3973 1328 conditione
4028 1241 4161 1318 sibi
4200 1243 4321 1322 da·

1283 1376 1438 1444 tum
1493 1367 1580 1442 iri
1623 1367 1867 1442 confisi
1913 1365 2096 1456 sint,
2147 1389 2288 1440 non
2336 1371 2444 1440 est
2496 1363 2689 1463 quod
2740 1385 3157 1462 magnopere
3206 1358 3559 1436 miremur.
3660 1361 3777 1436 Ita
3816 1360 4005 1437 enim
4056 1362 4323 1462 saepius

1281 1495 1758 1588 comparatum
1813 1512 1965 1563 esse
2011 1486 2326 1561 videmus
2385 1483 2753 1559 hominum
2801 1480 3167 1582 ingenium
3224 1487 3307 1556 ut
3356 1479 3645 1558 acriores
3690 1487 3903 1580 atque
3950 1481 4327 1580 sagaciores

1283 1609 1424 1683 sint
1467 1608 1540 1683 in
1586 1607 2028 1706 exquirendis
2076 1615 2152 1682 et
2195 1605 2603 1704 detegendis
2660 1602 2845 1678 vitiis
2892 1626 3132 1676 eorum
3182 1625 3363 1700 quae
3414 1608 3580 1676 sunt
3598 1659 3621 1690 ‚
3670 1623 3885 1700 quam
3938 1600 4015 1676 in
4066 1602 4327 1702 praevi·

1281 1728 1530 1803 dendis
1601 1728 1710 1802 vel
1777 1727 2234 1827 agnoscendis
2301 1751 2481 1826 quae
2545 1749 2631 1801 ex
2690 1723 3003 1824 ipsorum
3060 1721 3625 1798 innovationibus
3680 1721 3845 1798 oriri
3898 1721 4169 1822 possint
4222 1723 4327 1798 vel

1281 1848 1582 1922 debeant
1625 1847 2084 1922 incommoda.

1378 1966 1642 2042 Verum
1711 1965 2058 2042 enimvero
2074 2024 2097 2057 ,
2165 1965 2358 2065 quod
2419 1962 2699 2040 maioris
2776 1962 3113 2037 momenti
3194 1968 3268 2038 et
3332 1961 3446 2037 hic
3504 1960 3849 2061 imprimis
3912 1961 3988 2038 in
4042 1987 4325 2040 censum

1283 2084 1470 2169 venit
1526 2131 1630 2146 -
1681 2087 2032 2186 proposito
2096 2085 2216 2160 illo
2277 2085 2501 2183 ipsius
2565 2083 2737 2157 iuris
2800 2082 3289 2182 negligebatur
3355 2082 3637 2181 penitus
3700 2089 3947 2158 natura
4014 2081 4325 2183 illudque

1281 2207 1454 2282 adeo
1505 2206 1788 2282 suberat
1831 2205 2078 2279 vitium
2125 2211 2209 2278 ut
2251 2205 2404 2302 ipsa
2455 2201 2826 2302 prudentia
2866 2202 3039 2276 iuris
3088 2209 3335 2301 sponte
3380 2227 3509 2278 sua
3552 2209 3911 2276 corrueret.

1374 2324 1502 2400 Uti
1567 2327 1642 2400 in
1711 2327 1906 2400 nullo
1951 2326 2133 2401 vitae
2179 2323 2545 2398 hominum
2594 2323 2861 2398 socialis
2912 2323 3294 2411 elemento,
3343 2322 3445 2396 ita
3492 2345 3719 2421 neque
3760 2321 3837 2396 in
3886 2321 4033 2396 iure
4078 2320 4315 2423 depre-

1277 2445 1606 2520 henditur
1669 2445 2046 2534 stabilitas3
2130 2443 2358 2518 ubivis
2427 2442 2814 2542 progressio
2872 2442 3245 2540 conspicua
3310 2441 3659 2516 continuis
3704 2441 4071 2542 patefacta
4096 2449 4318 2518 muta-

1277 2565 1678 2642 tationibus.
1777 2566 1972 2655 Quae
2021 2565 2341 2664 quamvis
2406 2587 2571 2638 non·
2598 2587 2871 2662 semper
2912 2587 3321 2699 progressus
3366 2561 3555 2661 ipsos
3600 2561 3845 2661 quovis
3890 2571 4053 2640 ante
4096 2563 4327 2638 oculos

1277 2694 1542 2785 ponant
1601 2693 1997 2775 momentO,
2065 2685 2208 2760 imo
2277 2708 2436 2759 vero
2502 2685 2779 2782 saepius
2836 2685 3037 2783 quasi
3076 2689 3401 2758 aestuum
3448 2683 3815 2759 videantur
3874 2684 4195 2760 decessus
4248 2709 4325 2761 ac

1277 2831 1624 2896 recessus,
1673 2807 2002 2880 continua
2057 2815 2292 2882 tamen
2353 2804 2741 2905 progressio
2790 2805 2983 2880 haud
3025 2803 3223 2879 facile
3268 2803 3659 2903 negabitur.
3758 2805 3860 2879 At
3902 2848 4001 2864 -
4038 2811 4329 2904 negetur

1279 2935 1350 3002 et
1394 2929 1548 3027 ipsa
1565 2985 1586 3016 ,
1637 2926 1892 3002 frustra
1947 2935 2182 3002 tamen
2203 2985 2224 3016 ,
2279 2924 2416 2999 nisi
2476 2927 2589 2999 ius
2639 2924 2874 3025 potius
2930 2925 3252 3025 opinione
3300 2947 3515 3023 quam
3566 2930 3819 3000 natura
3872 2925 4327 3002 constitutum

1277 3047 1514 3122 credas
1535 3105 1556 3136 ,
1603 3045 1932 3144 ‚intimam
1993 3046 2284 3146 negabis
2343 3071 2523 3146 quae
2578 3043 2761 3120 inter
2804 3045 3173 3146 praeterita
3219 3069 3301 3120 ao
3343 3045 3769 3144 praesentia,
3811 3043 3994 3120 inter
4040 3046 4209 3122 haee
4258 3051 4329 3120 et

1275 3165 1510 3242 futura
1579 3167 1946 3242 intercedit
2011 3165 2409 3242 necessitas,
2512 3167 2665 3242 Iam
2737 3191 2897 3241 vero
2955 3165 3127 3265 quid
3148 3222 3169 3255 ,
3238 3189 3497 3264 quaeso
3516 3223 3539 3252 ‚
3606 3165 3984 3242 dicendum
4046 3164 4135 3240 de
4196 3167 4327 3242 isto

1271 3287 1624 3386 proposito
1689 3286 1878 3385 quod
1938 3287 2050 3362 vel
2107 3287 2411 3362 maxime
2465 3311 2549 3360 eo
2604 3287 2849 3362 tendat
2890 3293 2973 3360 ut
3026 3285 3413 3385 praesentia
3464 3293 3537 3360 et
3580 3285 3815 3362 futura
3858 3312 3903 3362 a
3946 3286 4329 3386 praeteritis

1277 3407 1691 3480 divellantur
1707 3408 1742 3478 P
1793 3405 1965 3502 quid
2013 3405 2101 3478 de
2146 3407 2499 3506 proposito
2546 3406 2738 3481 unde
2783 3407 2914 3482 hoc
2957 3405 3343 3482 necessario
3390 3413 3921 3482 consecuturum
3972 3414 4191 3495 esset,
4242 3412 4319 3480 ut

1281 3547 1426 3598 non
1487 3531 1764 3598 tantum
1814 3548 2054 3598 omnes
2107 3526 2232 3622 qui
2275 3549 2356 3598 eo
2405 3549 2629 3624 usque
2676 3525 3063 3624 viguissent
3108 3527 3279 3602 iuris
3324 3527 3549 3602 fontes
3568 3583 3588 3616 ,
3626 3525 3825 3600 novis
3868 3524 4145 3624 legibus
4190 3523 4314 3600 ab·

1277 3653 1686 3745 rogarentur
1703 3702 1724 3734 ,
1782 3669 2020 3720 verum
2051 3645 2261 3720 etiam
2311 3645 2667 3722 vinculum
2712 3645 2945 3746 ipsum
2992 3671 3133 3746 quo
3182 3647 3325 3726 solo
3371 3669 3550 3723 nova
3592 3669 3751 3722 cum
3806 3645 4113 3742 antiquis
4156 3669 4315 3720 con·

1277 3766 1477 3865 iungi
1526 3771 1844 3865 possent,
1885 3764 2230 3840 deleretur
2247 3823 2268 3854 ,
2312 3765 2505 3839 omni
2554 3765 2997 3861 potissimum
3038 3767 3564 3866 praeteritorum
3608 3765 3949 3842 exstincta
3994 3765 4325 3840 memoria

1277 3886 1605 3984 omnique
1673 3885 1746 3959 in
1813 3884 2240 3985 applicandis
2305 3891 2378 3960 et
2446 3885 2873 3984 explicandis
2949 3886 3145 3962 novis
3213 3887 3489 3988 legibus
3557 3885 3907 3986 prohibito
3974 3885 4321 3962 doctrinae

1281 4005 1536 4080 auxilio
1552 4007 1588 4078 i>
1685 4005 1883 4084 Quid
1925 4005 2225 4105 denique
2269 4003 2643 4082 dicendum
2694 4004 2785 4080 de
2832 4007 3068 4106 legum
3116 4008 3351 4084 codice
3369 4066 3391 4097 ‚
3443 4032 3583 4109 quo
3624 4031 3767 4082 non
3810 4013 4095 4083 tantum
4136 4013 4321 4082 certa

1279 4147 1516 4200 verum
1547 4124 1722 4198 adeo
1759 4127 2194 4201 immutabilis
2233 4123 2405 4200 iuris
2439 4125 2745 4200 conditio
2786 4126 3149 4218 reddatur,
3202 4136 3283 4204 ut
3330 4129 3525 4204 omni
3566 4128 3821 4204 reiecta
3864 4125 4215 4202 doctrinae
4252 4125 4319 4200 vi

1278 4252 1490 4343 atque
1547 4243 1992 4332 auctoritate,
2053 4269 2282 4344 neque
2343 4245 2787 4321 ulterioribus
2830 4246 3409 4349 iurisprudentiae
3460 4250 3651 4326 locus
3700 4272 3887 4322 esse·
3902 4245 4123 4348 possit
4162 4268 4317 4346 pro·

1278 4364 1682 4464 gressibus?
1779 4363 1896 4438 Sic
1952 4362 2258 4465 profecto
2321 4365 2426 4440 vis
2482 4363 2672 4465 ipsa,
2716 4391 2895 4466 quae
2956 4369 3419 4469 quaerebatur
3470 4368 3737 4458 vitalis,
3788 4392 3875 4442 ex
3928 4365 4123 4443 letali
4158 4365 4319 4441 oriri

1272 4485 1552 4561 deberet
1600 4485 1972 4586 principio!

1368 4606 1660 4684 Accedit
1711 4607 1912 4706 quod
1949 4605 2088 4682 alio
2133 4606 2342 4685 etiam
2381 4610 2661 4686 nomine
2712 4609 2971 4686 codicis
3013 4607 3233 4686 civilis
3276 4607 3623 4686 condendi
3670 4606 3847 4684 illud
3886 4605 4314 4709 propositum

1275 4725 1444 4799 iuris
1487 4733 1809 4804 naturam
1865 4727 2248 4804 offenderet
2262 4784 2285 4817 ,
2353 4731 2671 4830 neglecta
2738 4730 2995 4806 seilicet
3060 4731 3325 4812 ratione
3343 4788 3364 4819 ‚
3417 4753 3561 4830 qua
3602 4728 3715 4804 ius
3763 4753 3913 4804 sese
3958 4725 4305 4828 explicuit.

1277 4841 1556 4921 Etenim
1595 4847 1703 4921 vel
1735 4846 2036 4924 maxime
2077 4847 2426 4927 doctrinae
2469 4851 2655 4928 lenta
2696 4874 2777 4928 ac
2806 4849 3137 4927 continua
3184 4849 3485 4928 debetur
3524 4847 3695 4928 iuris
3730 4848 4093 4948 explicatio
4120 4844 4308 4920 unde
