4934 6184
1003 1652 1469 1719 Acannm
1520 1652 2367 1730 mue-mcmffl
2408 1656 2813 1735 CURATOR,
2869 1658 3010 1724 vm
3047 1654 3526 1722 AMPLISSIME
3545 1704 3561 1733 ,

856 1790 867 1801 ‘
998 1800 1107 1864 nr
1136 1801 1867 1969 &engolismorum
1927 1804 2325 1870 commo
2386 1806 2493 1869 AB
2551 1778 2782 1873 Ac'rrs
2837 1806 2962 1881 ns,
3024 1789 3172 1871 vm
3223 1804 3558 1871 consun-

1086 1906 1139 1967 :r
1408 1948 1426 1968 .

1007 2050 1477 2115 aemam
1514 2052 1834 2117 nnc'ron
1868 2052 2342 2118 naamon.
3247 2142 3274 2149 ἐ

1000 2196 1429 2261 vamum
1464 2198 2053 2297 noca-nmmum
2090 2200 2662 2278 moyssacum,
2703 2201 2878 2267 vm
2915 2201 3387 2267 cnamssmr.

1002 2343 1355 2411 mvn-,uns
1385 2346 1859 2423 nncmsun,
1890 2346 2143 2411 nurus
2174 2348 2646 2414 Acanmmn
2680 2348 2912 2414 cwns
2929 2347 3566 2414 nxor‘rarrssIm.

1006 2490 1575 2561 cumscrmoun
1598 2493 1945 2583 onmms
1982 2494 2089 2559 nr
2124 2493 2316 2559 Locl
2353 2496 2806 2562 ammonas
2847 2494 3413 2563 numnam.

774 2942 1054 3052 Annus
1112 2982 1222 3053 est
1238 3034 1259 3065 ,
1324 2998 1549 3077 quum
1608 2977 2009 3078 Groningae
2026 3037 2047 3069 ,
2106 2979 2598 3081 magistratum
2639 2974 3142 3057 Academicum
3191 2976 3588 3079 deponens,·

534 3094 741 3171 verba
796 3094 933 3171 feci
994 3098 1081 3171 de
1134 3103 1367 3172 aetate
1419 3102 1652 3173 nostra
1699 3096 2241 3198 Historiotoyiae
2264 3099 2605 3205 fauts-ica
2706 3096 2930 3171 Orsus
2972 3120 3016 3171 a
3062 3094 3321 3173 Critica
3339 3156 3360 3187 ,
3405 3121 3586 3197 quae

532 3214 912 3315 indagandi
970 3214 1287 3292 libertate
1354 3214 1545 3316 viget
1600 3222 1673 3291 et
1731 3238 1985 3292 novam
2032 3217 2399 3294 materiam
2451 3214 2800 3317 anquirit,
2849 3221 2933 3290 ut
2973 3214 3194 3291 maior
3207 3276 3216 3307 .,
3235 3214 3586 3293 doctrinae

530 3333 1003 3411 fundamentis
1038 3334 1333 3411 firmitas
1370 3333 1687 3424 accedat,
1724 3335 2073 3435 insignem
2117 3335 2532 3413 adumbravi
2567 3334 2816 3411 aetatis
2850 3342 3127 3411 nostrae
3165 3334 3482 3412 ardorem
3511 3336 3588 3411 in

531 3452 643 3529 his
668 3454 840 3553 ipsis
869 3454 1401 3554 cognoscendis,
1428 3454 1789 3534 firmandis
1818 3463 1891 3530 et
1917 3456 2446 3557 amplificandis.
2498 3453 2690 3532 Hinc
2708 3476 3116 3555 progressus
3139 3454 3235 3532 ad
3257 3480 3374 3547 ea,
3406 3478 3588 3556 quae

533 3571 1004 3649 fundamentis
1061 3572 1199 3649 illis
1258 3580 1835 3673 super-struuntur
1852 3630 1873 3662 ,
1922 3572 2149 3673 ipsam
2202 3573 2778 3675 Historiologiam
2828 3574 3034 3675 attigi
3073 3582 3147 3651 et
3191 3573 3260 3651 ei
3303 3600 3585 3676 quoque

536 3692 703 3767 haec
744 3699 1057 3792 tempora
1097 3693 1389 3794 apposui
1406 3750 1429 3781 ,
1466 3692 1542 3768 in
1589 3693 1793 3770 variis
1814 3750 1837 3783 ‚
1871 3694 2131 3793 quibus
2173 3694 2548 3794 conspicua
2589 3703 2757 3769 sunt
2774 3751 2797 3784 ,
2843 3693 3096 3770 studiis
3141 3694 3588 3795 gravissimae
3605 3688 3633 3703 ⁸

538 3812 887 3887 doctrinae
930 3812 1257 3889 secunda.
1352 3812 1469 3887 Ne
1516 3818 1753 3889 autem
1797 3812 2188 3890 acutissimi
2238 3813 2342 3887 illi
2386 3812 2516 3888 viri
2557 3811 3024 3915 praetermissi
3069 3836 3222 3889 esse
3269 3812 3582 3889 videren-

538 3938 657 4004 tur
676 3986 697 4017 ,
746 3929 1007 4027 quibus
1048 3938 1325 4007 tantum
1380 3928 1775 4007 tribuimus·
1802 3937 1883 4007 ut
1928 3930 2204 4007 difficile
2248 3930 2604 4007 interdum
2655 3932 2748 4007 sit
2793 3954 3034 4007 eorum
3081 3930 3440 4032 opiniones
3495 3932 3587 4009 ab

544 4048 763 4149 ipsius
821 4050 1068 4125 aetatis
1118 4050 1463 4128 sententia
1518 4050 2031 4127 accuratissime
2077 4050 2509 4151 distinguere
2527 4109 2548 4141 ,
2594 4051 2670 4127 in
2733 4059 3040 4128 extrema
3091 4052 3455 4144 Oratione,
3498 4054 3588 4130 de

541 4176 777 4246 nostra
844 4178 999 4245 tum
1066 4194 1297 4247 rerum
1380 4172 1776 4249 futurarum
1842 4180 1996 4249 tum
2072 4172 2520 4250 consiliorum
2592 4170 2985 4248 divinorum
3057 4171 3345 4249 scientia
3412 4171 3589 4272 quid

542 4312 891 4365 censerem
912 4347 933 4378 ,
986 4291 1277 4367 candide
1328 4298 1399 4367 et
1441 4292 1757 4371 modeste
1812 4292 2217 4395 significavi.
2314 4293 2472 4368 Iam
2517 4315 2680 4368 vero
2731 4290 2793 4367 si
2838 4291 3002 4392 quis
3047 4300 3354 4369 vestrum
3406 4292 3613 4384 hanc!

546 4408 950 4485 Orationem
1018 4410 1188 4509 legit
1204 4468 1225 4499 ,
1288 4434 1430 4488 non
1495 4411 1745 4487 dubito
1761 4468 1783 4502 ,
1852 4412 2023 4511 quin
2080 4417 2155 4487 et
2224 4408 2361 4487 alia
2423 4408 2730 4511 requirat
2775 4410 3004 4487 multa
3068 4417 3143 4486 et
3203 4432 3364 4486 vero
3408 4407 3587 4484 illud

543 4529 929 4630 improbet,
977 4553 1119 4605 non
1164 4554 1249 4605 ea
1296 4530 1369 4605 in
1418 4531 1574 4607 luce
1620 4532 1790 4631 poni
1834 4528 2369 4630 Historiologiae
2420 4531 2836 4629 gravitatem
2855 4587 2876 4619 ,
2925 4537 3010 4604 ut
3053 4527 3416 4629 perspicue
3457 4550 3582 4627 ap-

544 4654 783 4748 pareat
800 4706 821 4737 ,
882 4646 1365 4748 dignissimam
1431 4674 1587 4727 eam
1646 4676 1795 4727 esse
1813 4709 1836 4740 ,
1902 4650 2017 4725 eui
2064 4648 2395 4725 faveatur.
2512 4650 2684 4725 Esto
2747 4647 2938 4725 enim
3001 4656 3194 4725 aetas
3240 4654 3477 4724 nostra
3517 4647 3585 4723 ei

546 4767 883 4857 secunda,
932 4767 1058 4844 sed
1104 4768 1349 4847 eadem
1373 4827 1394 4861 ‚
1441 4768 1811 4870 inquiunt,
1856 4768 2173 4845 nondum
2226 4766 2551 4845 abhorret
2607 4792 2651 4845 a
2694 4766 3018 4843 futilibus
3033 4800 3054 4858 3
3105 4764 3280 4868 quid
3325 4766 3588 4843 distent

548 4912 705 4965 aera
770 4886 1029 4989 lupinis
1048 4946 1071 4983 ,
1138 4887 1455 4967 nondum
1524 4889 1718 4975 omni
1770 4891 1847 4969 in
1906 4912 1983 4967 re
2044 4887 2324 4991 agnovit
2340 4922 2369 4982 3
2428 4886 2584 4966 fieri
2627 4887 2848 4990 igitur
2907 4894 3138 4991 potest
3154 4944 3178 4983 ‚
3240 4893 3322 4967 ut
3377 4886 3585 4966 aliam
