4934 6184
1407 662 1540 729 100
2581 661 2631 726 1.
2700 660 3258 726 unnALL

1406 891 1545 944 non
1612 867 1878 967 placere
1935 889 2070 941 non
2127 871 2491 965 poterunt;
2560 875 2741 946 artes
2802 874 3011 968 atque
3055 865 3402 944 doctrinas
3421 923 3442 955 ,
3490 870 3636 943 tam
3682 865 3901 971 varias
3945 871 4016 941 et
4057 873 4201 944 tam
4244 877 4428 944 arcto

1403 996 1637 1063 tamen
1665 985 1950 1060 vinculo
1985 988 2168 1060 inter
2221 1010 2294 1060 se
2335 986 2741 1063 coniunctas
2760 1044 2781 1077 ‚
2830 985 3335 1086 circumspiciet
3374 1009 3630 1085 easque
3675 1011 3761 1062 ex
3810 986 3947 1062 illis
3989 987 4427 1088 potissimum

1397 1105 1614 1205 ,eliget
1691 1111 1763 1178 et
1841 1105 2295 1204 amplectetur
2312 1164 2332 1194 ,
2417 1130 2599 1205 quae
2677 1131 2841 1183 cum
2918 1107 3137 1207 ipsius
3214 1105 3565 1182 voluntate
3585 1165 3605 1195 ,
3684 1105 3965 1205 ingenio
4044 1106 4427 1206 studiisque

1401 1224 1704 1300 maxime
1767 1224 2176 1300 conveniant
2197 1282 2217 1313 ,
2291 1224 2513 1324 ipsius
2572 1225 2833 1326 quippe
2891 1227 3071 1302 vitae
3128 1225 3649 1302 tabernaculum
3724 1225 4095 1324 aliquando
4156 1227 4229 1301 in
4295 1227 4427 1300 illis
4496 1231 4503 1236 '

1399 1344 1875 1419 collocaturus.
1977 1343 2138 1419 Non
2207 1369 2384 1445 puer
2452 1345 2565 1421 hic
2634 1347 2707 1421 in
2780 1345 3125 1422 subselliis
3172 1345 3599 1446 praeceptori
3630 1329 3960 1434 adsidet,
4026 1353 4109 1419 ut
4150 1371 4237 1420 ex
4279 1346 4425 1420 eius

1393 1487 1510 1538 ore
1577 1488 1660 1538 ea
1727 1463 2024 1563 excipiat
2093 1464 2600 1564 memoriaeque
2662 1467 2979 1555 mandet,
3048 1465 3309 1566 quibus
3382 1462 3731 1540 doctrinae
3800 1463 4076 1538 schema
4146 1464 4423 1563 aliquod

1397 1583 1530 1658 sibi
1593 1592 1976 1682 comparet,
2043 1583 2232 1681 quod
2287 1608 2452 1660 sane
2510 1585 2599 1661 ab
2663 1586 2815 1686 ipsa
2879 1585 3191 1662 doctrina
3253 1585 3353 1659 ita
3405 1583 3753 1658 diversum
3801 1591 3909 1660 est
3963 1593 4046 1659 ut
4098 1584 4345 1659 umbra
4386 1609 4423 1658 a

1393 1727 1672 1802 corpore
1695 1762 1717 1791 ,
1766 1727 1924 1778 ossa
1972 1729 2015 1778 a
2065 1703 2218 1778 vivo
2261 1704 2611 1779 animante
2626 1738 2645 1794 ;
2696 1712 3208 1805 praeceptorem
3254 1727 3411 1780 vero
3450 1703 3845 1779 adolescens
3886 1704 4050 1780 colit
4092 1710 4165 1778 et
4204 1711 4421 1791 amat,

1391 1847 1550 1898 eum
1595 1849 1757 1898 eum
1803 1823 2212 1922 flagrantem
2246 1823 2475 1900 videat
2512 1825 2915 1902 eorumdem
2953 1849 3185 1902 amore
3210 1823 3599 1899 studiorum
3620 1881 3642 1912 ,
3692 1847 3871 1921 quae
3894 1823 4127 1922 ipsum
4153 1848 4423 1922 quoque

1389 1949 1668 2032 tenent,
1727 1945 1930 2042 eique
1993 1944 2082 2018 de
2128 1943 2552 2043 gravissimis
2600 1945 3027 2044 argumentis
3067 1944 3455 2043 disputanti
3502 1943 3825 2019 assiduus
3868 1944 4143 2018 auditor
4182 1945 4417 2032 adest,

1388 2070 1470 2136 ut
1531 2089 1613 2137 eo
1684 2069 1960 2138 auctore
2021 2069 2234 2163 atque
2295 2062 2473 2139 duce
2530 2065 2607 2140 in
2659 2065 2985 2140 interiora
3036 2071 3351 2165 penetret
3392 2061 3760 2139 Musarum
3814 2063 4105 2138 sacraria
4122 2122 4142 2152 ‚
4192 2088 4423 2138 carum

1385 2182 1535 2280 ipse
1584 2182 1958 2281 aliquando
2009 2182 2300 2259 antistes
2346 2183 2650 2260 futurus.

1389 2371 1396 2380 .
1487 2301 1687 2376 Tales
1706 2360 1728 2391 ,
1772 2302 1929 2377 AA.
1962 2302 2174 2379 HH.!
2219 2303 2671 2403 cognovimus
2705 2305 3070 2404 plerosque
3112 2327 3350 2378 eorum
3372 2359 3391 2391 ,
3442 2301 3566 2400 qui
3601 2301 3675 2376 in
3708 2301 3887 2379 hanc
3928 2302 4183 2378 artium
4224 2310 4423 2402 atque

1386 2419 1855 2496 doctrinarum
1897 2421 2420 2498 universitatem
2459 2425 2943 2500 confluxerunt
2957 2483 2977 2514 ,
3032 2424 3173 2500 sive
3218 2423 3292 2496 in
3336 2421 3805 2520 frequentatas
3842 2422 3983 2498 iam
4004 2448 4047 2498 a
4074 2448 4149 2498 se
4168 2421 4423 2498 scholas

1383 2540 1756 2615 redeuntes
1774 2600 1795 2630 ,
1869 2542 2011 2616 sive
2078 2565 2266 2617 nunc
2331 2543 2639 2642 primum
2703 2544 2777 2619 in
2847 2569 2964 2620 eas
2988 2602 3009 2633 ,
3080 2541 3583 2618 numerosiores
3650 2542 3863 2616 etiam
3922 2567 4139 2642 quam
4188 2551 4419 2628 antea,

1381 2661 1888 2738 convenientes.
1991 2663 2206 2741 Quod
2255 2663 2316 2738 si
2364 2663 2525 2762 quis
2567 2664 2857 2741 fortasse
2902 2688 3127 2739 unum
3178 2670 3250 2738 et
3294 2662 3589 2736 alterum
3624 2660 4113 2736 desideraverit
4152 2685 4383 2736 eorum
4402 2719 4419 2748 ,

1380 2781 1506 2886 qui
1566 2781 1731 2857 huic
1784 2781 2205 2858 Academiae
2269 2789 2343 2857 et
2403 2783 2515 2858 his
2562 2783 2819 2860 nostris
2866 2783 3115 2860 scholis
3134 2857 3141 2866 ,
3162 2781 3369 2881 quasi
3412 2779 3743 2855 destinati
3790 2805 3943 2855 esse
3981 2779 4419 2868 videbantur,

1377 2901 1766 3000 complures
1814 2908 2085 3000 praeter
2135 2903 2721 3002 exspectationem
2761 2904 2941 2979 hanc
2974 2929 3139 3003 prae
3176 2901 3422 2978 ceteris
3458 2899 3593 2974 sibi
3630 2900 3919 3000 elegisse
3959 2901 4421 2977 doctrinarum

1379 3020 1615 3094 sedem
1663 3019 1845 3119 grati
1883 3019 2523 3097 animadvertimus.
2625 3021 2923 3120 Egregie
2964 3028 3197 3097 autem
3234 3019 3311 3094 id
3351 3044 3394 3094 a
3422 3019 3691 3095 civibus
3732 3019 3985 3094 nostris
4022 3030 4260 3096 actum
4286 3029 4417 3107 est,

1379 3147 1459 3213 ut
1526 3139 1786 3213 bonam
1844 3138 2262 3214 Academiae
2320 3145 2599 3214 nostrae
2664 3141 2853 3239 apud
2906 3140 3125 3216 bonos
3179 3138 3759 3215 existimationem
3809 3139 4153 3240 integram
4198 3117 4413 3214 serva-

1333 3245 1554 3332 'rent.
1676 3256 2026 3356 Equidem
2090 3257 2406 3332 Rectoris
2469 3283 2759 3334 munere
2820 3267 3105 3336 ornatus
3170 3259 3308 3348 fui,
3391 3283 3534 3334 non
3607 3266 3931 3335 oneratus
3948 3319 3969 3349 ‚
4070 3269 4281 3357 atque
4362 3259 4417 3330 si

1378 3375 1656 3473 legibus
1714 3375 2152 3450 Academicis
2207 3376 2380 3451 mihi
2442 3378 2675 3452 nescio
2727 3402 2907 3477 quae
2960 3379 3330 3454 auotoritas
3350 3437 3370 3467 ‚
3442 3377 3586 3452 imo
3651 3404 3808 3454 vero
3875 3379 4245 3478 imperium
4302 3377 4413 3452 ali-

1382 3493 1574 3592 quod
1621 3501 1746 3568 aut
1784 3494 2167 3569 iurisdictio
2187 3554 2206 3584 ,
2251 3495 2324 3570 in
2373 3496 2719 3572 studiosos
2759 3498 3043 3572 iuvenes
3082 3498 3309 3573 delata
3330 3497 3465 3572 fuit
3482 3551 3503 3589 ,
3552 3499 3642 3575 ad
3666 3501 3989 3576 Rectoria
4020 3509 4411 3577 ornamenta

1377 3613 1451 3688 id
1499 3615 1846 3713 pertinere
1893 3615 2118 3689 visum
2169 3623 2311 3704 est,
2361 3625 2707 3714 potestate
2748 3642 2908 3692 vero
2948 3617 3067 3694 illa
3117 3617 3361 3692 utendi
3406 3619 3596 3694 locus
3644 3620 3781 3696 fuit
3821 3620 4080 3697 nullus.

1475 3735 1572 3808 Et
1641 3735 1750 3810 vcl
1817 3735 1916 3808 sic
1977 3743 2209 3810 tamen
2233 3794 2252 3824 ‚
2320 3736 2519 3811 AA.!
2584 3736 3039 3815 Academicae
3096 3738 3444 3814 iuventuti
3491 3747 3762 3838 praeter
3816 3764 4045 3816 meam
4094 3749 4409 3816 vestram·

1381 3878 1518 3952 que
1561 3879 1758 3952 spem
1807 3855 1882 3928 id
1927 3855 2178 3930 accidit
2217 3856 2412 3954 quod
2457 3857 2701 3932 vellem
2742 3857 3105 3934 accidisset
3154 3882 3563 3958 numquam.

1387 4045 1396 4054 ,
1479 3970 1897 4046 Academica
1945 3971 2271 4047 iuventus
2293 4031 2338 4060 „
2385 3998 2565 4072 quae
2622 3974 2889 4074 placide
2950 3975 3063 4051 hic
3112 3977 3425 4053 adsidere
3468 3978 3577 4054 vel
3621 3979 4063 4056 circumstare
4108 3979 4405 4068 videtur,

1379 4091 1454 4164 in
1521 4089 1664 4162 duo
1735 4091 1936 4186 quasi
2003 4091 2286 4189 agmina
2345 4093 2700 4184 discessit,
2762 4121 2991 4196 neque
3052 4097 3267 4187 mihi,
3340 4097 3417 4172 id
3491 4106 3722 4174 tamen
3788 4107 4066 4174 strenue
4130 4107 4405 4197 totoque

1381 4209 1616 4286 animo
1661 4208 1939 4306 agenti,
1987 4233 2218 4308 neque
2265 4211 2416 4286 aliis
2459 4214 2915 4290 Academicae
2956 4216 3335 4292 iuventutis
3386 4219 3773 4294 fautoribus
3822 4220 4155 4320 contigit,
4206 4219 4400 4318 quin-

1379 4337 1628 4429 gentos
1691 4327 1846 4402 illos
1904 4328 2190 4404 iuvenes
2255 4331 2328 4404 in
2391 4356 2604 4408 unam
2657 4333 2769 4407 vel
2824 4335 3117 4412 retinere
3173 4339 3281 4412 vel
3322 4339 3644 4438 -redigere
3696 4341 4113 4416 societatem.
4222 4337 4411 4417 Quid

1379 4449 1671 4537 mirum,
1737 4448 1796 4521 si
1855 4449 1962 4522 vel
2011 4448 2378 4549 profanum
2437 4453 2730 4552 vulgus,
2798 4455 2908 4530 vel
2950 4455 3055 4530 illi
3100 4481 3415 4557 quoque,
3466 4461 3591 4559 qui
3634 4459 3884 4537 harum
3928 4483 4162 4535 rerum
4220 4483 4409 4557 saga-

1379 4569 1592 4642 ciores
1618 4629 1637 4658 ‚
1701 4578 1826 4645 aut
1877 4579 2042 4686 sunt
2062 4627 2082 4657 ‚
2145 4577 2268 4644 aut
2313 4569 2659 4646 habentur
2706 4572 3214 4665 aestimatores,
3264 4575 3375 4652 hic
3418 4579 3525 4654 vel
3562 4579 3835 4678 generis
3882 4578 4227 4655 ordinisve
4274 4577 4409 4650 dis-

1379 4687 1638 4762 crimen
1657 4747 1676 4776 ,
1749 4689 1858 4763 vel
1914 4688 2349 4788 politicarum
2407 4691 2811 4792 opinionum
2876 4693 3336 4773 dissensiones
3398 4699 3641 4775 adesse
3698 4700 3806 4775 vel
3869 4699 4243 4799 opinentur
4306 4693 4411 4767 vel

1387 4807 1820 4904 suspicentur
1890 4811 2172 4885 saltem!
2259 4811 2555 4910 Egregie
2624 4819 2858 4888 tamen
2909 4813 3011 4891 illi
3060 4813 3415 4890 falluntur.
3516 4819 3837 4896 Quorum
3890 4814 4179 4914 quidem
4232 4835 4413 4888 error
