4934 6184
1780 707 2327 776 ORATIO.
3447 713 3579 780 233

550 919 700 992 lunt
723 977 742 1006 ,
811 917 911 992 illi
984 917 1150 1006 viri,
1225 915 1415 1016 quod
1480 924 1717 1016 poetas
1786 916 2237 992 severioribus
2310 917 2672 993 adstrictos
2739 915 3014 1016 legibus
3077 943 3226 992 esse
3301 921 3542 995 volunt
3563 979 3582 1009 ‚

548 1061 953 1136 semperque
980 1036 1094 1146 ‘ad
1144 1060 1303 1110 suas
1346 1059 1457 1110 res
1500 1036 1833 1136 respicere
1851 1097 1871 1127 ,
1926 1062 2146 1138 eoque
2194 1065 2237 1114 a
2278 1037 2770 1139 perspicuitate
2817 1037 2888 1110 in
2938 1036 3344 1137 explicando
3389 1039 3584 1115 aber-

546 1166 721 1232 rant.
819 1154 1071 1254 Neque
1138 1155 1326 1229 enim
1392 1163 1619 1254 potest
1678 1157 1830 1232 eius
1899 1158 2053 1233 laus
2108 1159 2331 1234 ullum
2380 1159 2455 1233 in
2507 1157 2758 1232 lectore
2804 1164 3237 1232 momentum
3291 1156 3544 1234 habere
3565 1219 3584 1248 ,

546 1276 668 1374 qui
710 1282 1043 1374 perpetuo
1086 1275 1325 1350 laudat
1341 1308 1361 1364 3
1402 1299 1530 1351 nec
1572 1277 1763 1376 quod
1810 1279 2043 1377 ipsum
2084 1287 2191 1353 est
2227 1278 2660 1378 implicatum
2707 1285 2780 1352 et
2825 1277 3229 1377 perplexum
3279 1301 3588 1376 unquam

544 1395 909 1492 explicatio
955 1401 1183 1494 potest
1228 1393 1486 1471 audire.
1587 1397 1703 1471 Ab
1771 1405 2067 1498 utroque
2118 1397 2283 1473 vitio
2336 1399 2397 1473 si
2454 1397 2833 1486 cavissent,
2887 1396 3149 1496 optime
3197 1397 3588 1496 respondis-

548 1522 701 1588 sent
738 1514 1129 1613 aequalium
1166 1513 1521 1589 desideriis
1560 1539 1787 1616 neque
1822 1518 1897 1593 in
1932 1507 2440 1618 ph'ilologorum
2475 1517 2925 1593 incurrissent
2957 1517 3583 1616 reprehensionem.

646 1635 757 1708 Ne
820 1641 1048 1708 tamen
1070 1693 1090 1723 ,
1150 1635 1307 1710 AA.
1375 1634 1504 1708 hoc
1564 1634 1640 1708 in
1702 1659 1859 1710 eam
1920 1643 2188 1734 partem
2258 1635 2620 1736 accipitote
2642 1693 2662 1724 ,
2727 1659 2806 1710 ac
2859 1634 2920 1709 si
2973 1636 3472 1735 grammaticae
3521 1647 3593 1710 et

546 1755 819 1830 criticae
870 1755 1267 1854 disciplinas
1313 1753 1576 1828 elevare
1636 1753 1863 1830 velim.
1966 1754 2117 1829 Has
2166 1755 2284 1830 alii
2338 1762 2828 1844 contemnant,
2879 1756 3005 1856 qui
3055 1756 3360 1832 oderunt
3409 1781 3590 1856 quae

549 1899 687 1949 non
744 1875 1179 1974 intelligunt3
1237 1899 1369 1974 ego
1426 1897 1639 1973 quam
1696 1873 1996 1949 maxime
2059 1899 2467 1974 persuasum
2539 1874 2763 1951 habeo
2781 1934 2804 1964 ,
2863 1899 3006 1974 qno
3067 1875 3373 1975 pleniore
3435 1875 3594 1976 quis

548 1994 1035 2093 grammaticae
1056 2081 1071 2100 ·
1094 1995 1235 2068 sive
1298 1994 1577 2094 linguae
1624 1992 1871 2068 notitia
1928 1993 2309 2069 instructus
2372 1995 2732 2094 scriptores
2781 2003 3191 2095 pertractet,
3243 2021 3326 2070 eo
3386 1997 3595 2071 altius

548 2139 781 2189 eorum
844 2121 1275 2188 venustatem
1336 2113 1609 2188 sentire.
1711 2111 1975 2187 Verum
2023 2123 2131 2188 est
2175 2114 2287 2188 hic
2342 2137 2620 2212 quoque
2663 2114 2916 2189 modus
2967 2114 3042 2188 in
3093 2116 3327 2190 rebus.
3431 2117 3596 2188 Non

548 2233 883 2310 debemus
942 2232 1017 2306 in
1094 2233 1320 2308 verbis
1391 2232 1595 2308 unice
1656 2231 1964 2308 laborare
1985 2291 2005 2321 ‚
2072 2257 2214 2307 non
2285 2232 2469 2308 bono
2525 2233 2853 2334 scriptore
2901 2232 3136 2321 abuti,
3193 2240 3275 2308 ut
3323 2235 3598 2335 copiam

547 2353 924 2428 habeamus
968 2352 1433 2452 pertractandi
1472 2351 1911 2451 quaestiones
1956 2353 2480 2450 grammaticam
2539 2353 2663 2427 sed
2709 2352 3145 2449 antiquitatis
3195 2361 3303 2428 est
3349 2353 3598 2428 notitia

546 2473 893 2548 afferenda
912 2530 931 2560 ‚
980 2478 1063 2545 ut
1104 2471 1337 2545 animo
1384 2469 1475 2545 ad
1527 2469 1875 2570 scriptoris
1918 2477 2218 2544 aetatem
2264 2470 2488 2546 redire
2534 2470 2922 2570 possimus3
2947 2479 3130 2544 stum
3175 2471 3552 2546 videndum
3575 2531 3596 2559 ,

546 2592 719 2691 quid
782 2592 1073 2690 scriptor
1134 2615 1261 2665 suo
1329 2589 1579 2666 debeat
1648 2589 1941 2688 tempori
1958 2648 1978 2678 ,
2042 2587 2218 2689 quid
2276 2589 2413 2688 ipsi
2462 2588 2822 2689 proprium
2869 2588 2996 2676 sit3
3051 2587 3224 2686 quid
3277 2588 3456 2663 bene
3499 2590 3596 2662 sit

548 2691 851 2800 dictumss
900 2709 1071 2809 quid
1122 2735 1360 2798 secus3
1412 2733 1625 2808 quare
1682 2707 1816 2783 alia
1862 2707 2067 2784 nobis
2113 2709 2469 2808 placeant,
2526 2707 2938 2808 displiceant
2986 2707 3156 2797 alia;
3213 2707 3386 2807 quid
3439 2708 3597 2784 reli-

549 2833 705 2932 quis
746 2830 856 2905 sui
887 2830 1159 2929 generis
1197 2835 1519 2929 praestet.
1586 2827 1900 2903 Maxima
1920 2827 2089 2902 haec
2117 2828 2337 2904 fateor
2364 2837 2437 2902 et
2474 2828 2589 2904 vix
2617 2828 2726 2903 vel
2747 2827 3097 2928 philologo
3121 2829 3592 2927 assequenda!

546 2955 647 3025 At
695 2950 770 3024 ni
820 2957 1111 3050 gustum
1156 2948 1357 3049 quasi
1403 2947 1754 3048 quendam
1800 2944 2011 3021 huius
2056 2947 2157 3022 rei
2178 2948 2560 3048 percipiant
2587 2948 2846 3024 tirones
2870 3007 2890 3037 ‚
2939 2947 3252 3048 plerique
3273 3008 3294 3039 ‚
3349 2956 3421 3023 et
3445 2949 3596 3024 iure

549 3070 833 3170 quidem
851 3128 870 3159 ,
920 3069 1174 3145 frustra
1213 3094 1288 3145 se
1329 3068 1577 3144 litteris
1617 3066 2145 3142 humanioribus
2180 3090 2459 3168 operam
2495 3069 2772 3144 dedisse
2798 3073 3072 3169 putant.
3151 3069 3291 3159 Qui
3315 3069 3405 3145 ad
3429 3068 3599 3144 alias

550 3190 945 3290 disciplinas
988 3189 1344 3264 transituri
1376 3186 1807 3287 aliquamdiu
1841 3186 2031 3286 apud
2065 3187 2451 3288 philologos
2491 3189 2982 3278 devertuntur,
3020 3213 3159 3264 non
3191 3187 3460 3264 faciunt
3480 3187 3554 3262 id
3573 3246 3594 3275 ,

551 3319 631 3384 ut
664 3309 755 3385 ad
798 3308 1205 3408 scriptorum
1246 3314 1557 3383 veterum
1606 3305 2159 3381 emendationem
2205 3331 2279 3381 se
2312 3316 2760 3409 praeparent,
2813 3333 2958 3408 qua
2999 3316 3145 3384 arte
3183 3333 3404 3409 paene
3447 3331 3598 3383 om-

552 3453 673 3504 nes
718 3451 947 3503 carere
994 3435 1325 3528 possunt,
1375 3453 1503 3503 nec
1546 3433 1823 3501 tantum
1867 3432 1950 3500 ut
1998 3427 2261 3500 Graece
2298 3427 2686 3527 Latineque
2726 3428 2998 3509 discant
3029 3429 3122 3504 ad
3154 3455 3314 3504 eum
3347 3430 3556 3503 finem
3576 3487 3597 3516 ,

550 3573 690 3646 quo
736 3546 1109 3645 aliquando
1163 3547 1257 3623 ad
1300 3545 1701 3646 disciplinae
1746 3569 1911 3619 suae
1960 3545 2159 3621 initia
2198 3545 2431 3622 aditus
2470 3557 2742 3647 pateat:
2777 3589 2875 3604 --
2899 3548 3159 3622 etenim
3203 3548 3354 3624 aliis
3392 3547 3483 3622 ad
3523 3547 3598 3620 id
3751 3640 3753 3642 =

550 3691 891 3767 perpauca
935 3666 1329 3740 sufficerent
1346 3723 1369 3753 ‚
1404 3664 1521 3739 alii
1558 3664 1734 3738 nihil
1776 3663 2059 3737 omnino
2100 3665 2603 3755 desiderarent3
2631 3711 2732 3726 —
2757 3667 2882 3740 sed
2929 3667 3087 3741 ideo
3122 3667 3290 3740 haec
3333 3667 3591 3739 littera-

551 3810 707 3859 rum
755 3784 987 3859 studia
1034 3783 1360 3858 omnibus
1392 3781 1811 3882 praescripta
1858 3787 2057 3870 sunt,
2102 3788 2183 3854 ut
2221 3807 2461 3857 omnes
2480 3842 2501 3873 ,
2542 3791 2890 3883 quantum
2934 3782 3219 3881 quidem
3257 3783 3410 3857 eius
3447 3783 3597 3856 fieri

554 3903 771 4005 possit
790 3963 809 3993 ‚
879 3911 1143 3978 veteres
1196 3902 1557 4002 scriptores
1604 3898 2038 4000 intelligant,
2102 3924 2278 3999 quos
2325 3909 2662 4001 tanquam
2725 3901 3060 3978 amussim
3107 3909 3178 3977 et
3230 3901 3596 3977 obrussam

554 4023 927 4099 adhibeant
969 4023 1041 4097 in
1083 4022 1365 4122 reliquis
1384 4019 1831 4098 aestimandis
1847 4079 1867 4108 ‚
1910 4020 2167 4120 quibus
2192 4021 2612 4122 elegantiam
2633 4021 2874 4098 iudicii
2893 4029 3237 4130 augeant,
3293 4021 3592 4122 denique

557 4145 914 4244 proficiant
948 4143 1039 4219 ad
1076 4141 1603 4219 humanitatem.
1684 4142 1921 4220 Quam
1968 4165 2188 4240 quum
2234 4141 2389 4216 dico
2402 4185 2427 4232 -,
2479 4167 2618 4217 non
2661 4141 2974 4242 intelligo
3017 4141 3322 4218 fucatam
3364 4142 3596 4216 nescio

557 4251 769 4362 quam
816 4263 1231 4363 elegantiam
1253 4321 1272 4351 ‚
1324 4263 1447 4337 sed
1490 4285 1671 4361 quae
1718 4285 1806 4336 ex
1848 4261 2095 4336 intimo
2134 4270 2409 4361 pectore
2445 4264 2946 4364 proficiscatur3
2999 4287 3140 4362 qua
3177 4263 3432 4336 virtute
3475 4261 3598 4360 qui

558 4390 841 4456 ornatus
905 4390 1012 4457 est
1026 4441 1047 4470 ,
1110 4381 1465 4457 lubentius
1532 4381 1845 4482 agnoscit
1898 4381 2273 4458 laudabilia
2329 4390 2401 4457 et
2452 4391 2642 4459 amat
2659 4444 2679 4473 ‚
2731 4407 2942 4483 quam
2991 4381 3157 4455 vitia
3197 4387 3430 4469 notat3
3455 4393 3460 4398 ’
3481 4388 3553 4453 et
3576 4437 3599 4467 ,

560 4501 877 4599 quamvis
938 4508 1263 4575 strenuus
1317 4500 1461 4575 veri
1520 4509 1595 4576 et
1622 4501 1873 4577 ⁹decori
1934 4514 2405 4601 propugnator
2423 4560 2444 4591 ,
2499 4527 2726 4602 neque
2773 4502 3100 4599 obiurgat
3116 4557 3137 4588 ‚
3193 4521 3427 4598 neque
3469 4521 3596 4572 sua

562 4618 763 4694 unice
804 4617 1173 4720 prudentia
1205 4618 1497 4694 confidit
1530 4626 1602 4693 et
1634 4621 2013 4695 multorum
2044 4621 2377 4720 exemplis
2418 4620 2706 4696 edoctus
2744 4619 3017 4694 veniam
3063 4618 3276 4693 habet
3315 4619 3593 4694 erranti.

658 4735 1139 4813 Humanitatis
1204 4737 1391 4813 illius
1460 4761 1598 4812 non
1669 4738 1905 4812 minus
1972 4737 2365 4814 Hoamus
2423 4739 2616 4840 apud
2683 4737 3036 4816 Romanos
3052 4797 3073 4829 ‚
3107 4761 3346 4838 quam
3407 4737 3596 4837 apud

560 4861 861 4934 Graecos
880 4916 901 4948 ‚
964 4857 1037 4933 in
1096 4857 1381 4958 reliquis
1436 4856 1939 4934 dissimillimus
1961 4916 1980 4947 ‚
2041 4858 2293 4935 Pharo
2354 4868 2481 4937 est.
2581 4859 2782 4936 illius
2843 4883 2982 4935 non
3033 4859 3396 4959 scriptores
3441 4867 3594 4933 tan-
