4934 6184
1802 713 2358 781 ORATIO.
3484 715 3614 781 225

566 929 987 1004 fruebantur.
1088 926 1298 1002 Pueri
1372 927 1509 1002 iam
1580 923 1879 1001 ducibus
1945 923 2333 999 Coannmo
2405 929 2478 995 et
2546 920 2856 994 Eaasno
2913 919 3162 1004 Latine
3226 922 3608 1021 exprimere

566 1049 922 1123 discebant
983 1071 1163 1145 quae
1230 1045 1349 1120 illa
1410 1051 1599 1122 aetas
1643 1044 1945 1120 maxime
1986 1051 2183 1119 curat
2198 1077 2217 1131 ;
2268 1041 2738 1118 adolescentes
2785 1063 2967 1138 quae
3009 1039 3368 1140 legebant,
3415 1051 3612 1118 erant

563 1167 848 1255 Latina;
922 1166 1050 1240 viri
1095 1189 1256 1240 cum
1311 1165 1401 1240 iis
1418 1223 1439 1252 ,
1504 1187 1801 1265 quorum
1848 1162 2105 1238 iudicia
2152 1161 2349 1237 unice
2398 1158 2589 1236 cordi
2635 1158 2771 1234 illis
2821 1166 3052 1248 erant,
3103 1183 3400 1258 quorum
3449 1185 3610 1235 con-

563 1287 933 1362 suetudine
978 1285 1200 1385 magis
1248 1285 1457 1360 etiam
1504 1309 1716 1383 quam
1764 1307 2047 1359 suorum
2098 1281 2462 1358 hominum
2513 1278 3036 1355 delectabantur
3060 1337 3081 1368 ,
3134 1305 3258 1380 per
3299 1279 3612 1381 linguam

560 1407 884 1481 Latinam
962 1429 1169 1480 usum
1236 1393 1586 1480 habebant
1654 1413 1726 1480 et
1791 1403 2349 1479 familiaritatem.
2473 1399 2847 1475 'I'estantur
2910 1400 3194 1476 crebrae
3251 1401 3614 1477 doctorum

564 1525 861 1600 virorum
907 1525 1386 1625 migrationes,
1438 1549 1613 1623 quas
1658 1546 1869 1598 nemo
1922 1530 2075 1596 tum
2117 1520 2572 1621 gravabatur,
2618 1520 2678 1595 si
2719 1519 2941 1596 bonas
2997 1529 3180 1596 artes
3234 1521 3306 1595 in
3359 1523 3612 1597 exteris

566 1645 825 1719 discere
884 1653 1008 1720 aut
1068 1643 1371 1744 profiteri
1416 1651 1687 1743 posset,
1746 1649 2087 1717 testantur
2136 1643 2578 1730 Scamnum,
2633 1639 2874 1716 L11²s11
2895 1701 2913 1730 ‚
2959 1641 3220 1716 Vossn
3241 1701 3262 1732 ‚
3319 1641 3614 1718 aliorum

565 1764 891 1864 epistolae
910 1825 929 1853 ,
982 1787 1193 1864 quam
1236 1763 1559 1863 frequens
1605 1761 2095 1837 commercium
2151 1763 2329 1834 viros
2379 1759 2876 1835 remotissimos
2927 1759 3109 1836 inter
3162 1787 3236 1836 se
3293 1762 3608 1838 concilia·

568 1885 757 1959 verit.
857 1884 1071 1959 Multi
1142 1883 1359 1958 exteri
1425 1881 1839 1958 Academias
1904 1887 2175 1956 nostras
2243 1877 2780 1977 frequentabant
2804 1937 2824 1969 ,
2881 1903 2924 1954 a
2981 1880 3186 1956 nobis
3241 1881 3458 1956 exteri
3520 1881 3613 1957 ad

566 2029 871 2079 summos
936 2005 1229 2078 honores
1290 2002 1711 2078 vocabantur
1728 2059 1747 2088 ,
1812 2001 1871 2075 si
1925 1998 2167 2073 maiori
2228 2022 2391 2073 cum
2437 1998 2908 2074 emolumento
2961 2025 3172 2099 quam
3221 2001 3440 2076 nostri
3489 2001 3610 2076 ho-

564 2124 786 2198 mines
830 2125 1223 2200 studiorum
1275 2123 1487 2198 duces
1538 2147 1689 2196 esse
1734 2127 2037 2219 possent.
2140 2119 2320 2194 Inde
2366 2143 2620 2218 magna
2671 2141 2832 2217 pars
2889 2120 3400 2222 philologorum
3423 2181 3444 2210 ,
3489 2123 3615 2223 qui

563 2267 759 2340 suam
807 2242 1098 2343 gloriam
1144 2267 1309 2319 cum
1360 2249 1594 2317 nostra
1652 2240 2057 2341 copulantes
2108 2263 2365 2314 nomen
2420 2239 2764 2314 Batavum
2816 2265 2940 2341 per
2987 2247 3207 2316 totam
3255 2243 3610 2344 Europam

560 2364 763 2438 laude
824 2363 1390 2450 cumulaverunt,
1458 2385 1745 2461 peregre
1808 2359 2087 2434 oriundi
2154 2367 2369 2434 erant.
2518 2359 2882 2436 Iosnfnus
2953 2360 3326 2436 somena
3387 2363 3611 2462 patria

561 2483 839 2570 Gallus,
903 2481 1547 2556 Wrrrsnnacmus
1612 2480 1955 2554 Helvetus
2019 2478 2195 2586 fuiti
2258 2477 2639 2554 Germania
2697 2478 2898 2554 nobis
2956 2478 3146 2554 misit
3209 2482 3610 2558 lominum

558 2603 1047 2676 Fannnnrcmr
1088 2604 1582 2690 Gaonovnm,
1630 2603 2076 2689 Gaanvmn,
2126 2601 2678 2678 Runnxnmun.
2779 2597 2884 2673 Hi
2915 2597 3131 2698 igitur
3160 2623 3404 2676 omnes
3445 2624 3611 2676 suae

562 2721 839 2820 linguae
880 2744 1099 2819 paene
1146 2721 1765 2810 obliviscebantur,
1814 2729 2101 2820 eratque
2154 2720 2239 2795 iis
2295 2721 2552 2796 Latina
2605 2744 2731 2820 pro
2778 2719 3022 2819 patria.
3121 2717 3328 2810 Quod
3375 2720 3434 2795 si
3488 2721 3610 2820 qui

562 2841 824 2916 minore
875 2849 1071 2916 erant
1126 2842 1371 2942 peritia
1389 2902 1408 2931 ,
1456 2851 1688 2917 tamen
1748 2841 1945 2917 facile
2002 2848 2268 2916 tantam
2308 2839 2454 2916 sibi
2517 2840 2850 2916 sermonis
2896 2839 3084 2916 illius
3127 2840 3467 2940 parabant
3508 2841 3608 2917 fa-

560 2961 888 3036 cultatem
907 3020 928 3049 ,
996 2968 1079 3036 ut
1145 2962 1234 3037 de
1296 2963 1385 3036 iis
1444 2962 1694 3051 rebus,
1745 2986 1925 3060 quae
1969 2961 2043 3036 in
2095 2961 2666 3062 disceptationem
2717 2960 3077 3036 doctorum
3123 2960 3451 3051 veniunt,
3495 2987 3608 3038 co·

562 3081 750 3180 piose
800 3091 1085 3180 possent
1133 3090 1257 3157 aut
1300 3090 1461 3182 apte
1508 3082 1600 3157 ad
1648 3081 2179 3182 intelligendum
2224 3107 2590 3181 exponere.
3595 3103 3600 3108 ’

705 3204 806 3277 At
869 3210 1294 3302 quantopere
1358 3226 1543 3278 nunc
1610 3199 1780 3278 haec
1842 3209 2111 3277 mutata
2174 3203 2377 3278 sunt!
2499 3203 2748 3303 Magni
2803 3203 3098 3279 facimus
3161 3202 3374 3277 etiam
3417 3226 3606 3276 nunc

558 3323 1034 3420 cuiuscunque
1078 3322 1405 3398 nationis·
1434 3322 1747 3399 homines
1791 3323 1879 3397 de
1930 3323 2261 3398 doctrinis
2310 3322 2490 3397 bene
2541 3323 2826 3399 meritos
2847 3382 2867 3413 ,
2911 3332 2982 3398 et
3027 3345 3456 3397 summorum
3501 3322 3606 3396 in-

558 3441 918 3541 geniorum
974 3442 1378 3517 excellentia
1438 3466 1827 3541 numquam
1886 3467 2027 3517 non
2080 3442 2421 3518 illecebris
2473 3443 2620 3517 suis
2672 3442 3200 3518 admirationem
3251 3449 3322 3516 et
3369 3441 3602 3517 amici-

558 3561 723 3636 tiam
768 3561 1109 3637 invitabit.
1211 3561 1350 3636 Sed
1394 3570 1630 3638 tamen
1682 3562 1879 3638 facile
1933 3587 2156 3652 nunc,
2198 3563 2409 3639 etiam
2455 3564 2528 3636 in
2573 3563 2796 3638 doctis
2840 3562 3010 3662 ipsis
3045 3571 3116 3637 et
3161 3561 3356 3636 libris
3375 3621 3396 3650 ,
3427 3586 3604 3660 quos

556 3680 818 3778 publici
857 3681 1029 3754 iuris
1080 3681 1342 3756 faciunt
1362 3739 1381 3768 ,
1434 3683 1789 3780 proprium
1843 3683 2205 3758 nationum
2222 3742 2243 3771 ,
2295 3708 2594 3781 quarum
2661 3695 2867 3771 sunt,
2933 3679 3297 3783 ingenium
3339 3683 3601 3781 perspi·
3733 3672 3735 3675 ’

558 3801 737 3874 citur
752 3858 771 3888 ,
817 3803 1319 3875 Germanorum
1369 3824 1603 3875 severa
1645 3801 1944 3899 gravitas
1962 3860 1983 3890 ,
2038 3801 2398 3876 Gallorum
2444 3802 2612 3877 levis
2656 3802 2971 3879 dulcedo,
3074 3804 3276 3882 Quae
3327 3801 3600 3875 univer-

562 3919 797 3994 sitates
840 3919 1003 3995 olim
1030 3919 1167 3994 .sui
1213 3919 1383 3995 iuris
1424 3927 1497 3994 et
1548 3921 1751 4018 quasi
1796 3929 1989 3996 extra
2036 3921 2293 3998 civium
2347 3924 2905 3998 communionem
2955 3929 3154 4000 erant
3200 3921 3564 3998 collocatae
3581 3981 3602 4012 ,

562 4061 747 4113 nunc
802 4063 845 4114 a
904 4038 1181 4116 civitate
1248 4041 1593 4139 pendent,
1648 4039 1937 4141 eiusque
1982 4041 2227 4116 usibus
2276 4041 2685 4119 inserviunt.
2784 4043 2891 4116 Ex
2941 4067 3080 4142 quo
3131 4041 3378 4118 litteris
3421 4043 3600 4117 anti-

562 4157 719 4256 quis
781 4167 1261 4234 succreverant
1328 4159 1733 4236 recentiores
1752 4219 1773 4248 ,
1844 4169 1915 4236 et
1983 4161 2377 4238 humanitas
2438 4161 2650 4238 latius
2721 4187 2960 4262 sparsa
3019 4162 3334 4238 homines
3387 4162 3600 4238 etiam

563 4279 650 4353 de
699 4279 956 4378 populo
1010 4303 1297 4354 munere
1352 4305 1480 4355 suo
1524 4279 1887 4371 beaverat,
1935 4306 2299 4382 moresque
2346 4291 2420 4358 et
2458 4283 2781 4359 instituta
2825 4290 2898 4359 et
2945 4283 3178 4359 studia
3222 4285 3600 4357 Germano-

560 4421 716 4472 rum
774 4400 1189 4498 populorum
1242 4400 1573 4498 temporis
1621 4400 2077 4478 diuturnitate
2138 4403 2506 4481 emendata
2568 4403 2932 4479 materiem
2981 4402 3446 4502 praebuerant
3490 4400 3596 4474 di·

561 4543 771 4618 gnam
793 4578 815 4608 ,
876 4521 949 4594 in
1008 4545 1150 4620 qua
1206 4545 1477 4596 summa
1531 4521 1811 4622 ingenia
1866 4523 2329 4613 elaborarent,
2378 4523 2528 4598 fieri
2575 4547 2714 4598 non
2760 4529 3069 4622 poterat,
3119 4521 3289 4619 quin
3341 4519 3598 4596 eruditi

558 4638 997 4738 aliquatenus
1040 4666 1115 4716 se
1154 4641 1593 4742 popularium
1638 4642 1890 4719 studiis
1936 4643 2572 4731 accommodarent,
2617 4649 2704 4716 ut
2741 4664 2882 4715 non
2929 4640 3146 4715 solum
3199 4639 3427 4715 doctis
3471 4639 3596 4714 sed

560 4758 851 4834 excultis
909 4759 1119 4836 etiam
1172 4760 1475 4838 cuiusvis
1538 4761 1799 4838 ordinis
1862 4761 2261 4838 hominibus
2308 4763 2636 4862 prodesse
2687 4765 3116 4837 conarentur.
3219 4761 3382 4836 Non
3429 4760 3596 4835 satis

560 4887 705 4952 erat
750 4877 999 4956 Latine
1046 4881 1253 4976 scire,
1319 4889 1687 4982 postquam
1748 4883 2009 4968 indocti
2066 4907 2345 4986 quoque
2396 4882 2520 4984 qui
2563 4881 2726 4959 olim
2779 4880 3064 4956 fuerant·
3099 4879 3316 4959 habiti
3334 4941 3354 4971 ,
3403 4879 3592 4980 quod

3007 5004 3102 5076 29
