<?xml version="1.0" encoding="UTF-8"?>
<!DOCTYPE html PUBLIC "-//W3C//DTD XHTML 1.0 Transitional//EN"
    "http://www.w3.org/TR/xhtml1/DTD/xhtml1-transitional.dtd">
<html xmlns="http://www.w3.org/1999/xhtml" xml:lang="en" lang="en">
 <head>
  <title>
</title>
<meta http-equiv="Content-Type" content="text/html;charset=utf-8" />
  <meta name='ocr-system' content='tesseract 3.04.00' />
  <meta name='ocr-capabilities' content='ocr_page ocr_carea ocr_par ocr_line ocrx_word'/>
</head>
<body>
  <div class='ocr_page' id='page_1' title='image "annalesacademic37unkngoog_0115.png"; bbox 0 0 4934 6184; ppageno 0'>
   <div class='ocr_carea' id='block_1_1' title="bbox 1827 694 3629 810">
    <p class='ocr_par' dir='ltr' id='par_1_1' title="bbox 1827 694 3629 810">
     <span class='ocr_line' id='line_1_1' title="bbox 1827 694 3629 810; baseline 0.002 -48"><span class='ocrx_word' id='word_1_1' title='bbox 1827 694 2384 764; x_wconf 76' lang='lat' dir='ltr'><strong>ORATIO.</strong></span> <span class='ocrx_word' id='word_1_2' title='bbox 2627 799 2645 810; x_wconf 86' lang='lat'>.</span> <span class='ocrx_word' id='word_1_3' title='bbox 2864 719 2931 766; x_wconf 75' lang='grc'><strong>’.</strong></span> <span class='ocrx_word' id='word_1_4' title='bbox 3502 699 3629 768; x_wconf 76' lang='lat'><strong>105</strong></span> 
     </span>
    </p>
   </div>
   <div class='ocr_carea' id='block_1_2' title="bbox 587 902 3632 2084">
    <p class='ocr_par' dir='ltr' id='par_1_2' title="bbox 587 902 3632 2084">
     <span class='ocr_line' id='line_1_2' title="bbox 593 902 3625 1006; baseline 0.001 -24"><span class='ocrx_word' id='word_1_5' title='bbox 593 905 880 994; x_wconf 62' lang='lat' dir='ltr'><strong>Hor-rr,</strong></span> <span class='ocrx_word' id='word_1_6' title='bbox 927 907 1452 994; x_wconf 74' lang='lat' dir='ltr'><strong>Acxnasnnn,</strong></span> <span class='ocrx_word' id='word_1_7' title='bbox 1501 903 1770 993; x_wconf 81' lang='lat' dir='ltr'><strong>Rnnsr,</strong></span> <span class='ocrx_word' id='word_1_8' title='bbox 1819 903 2179 982; x_wconf 73' lang='lat' dir='ltr'><strong>BnncsMA</strong></span> <span class='ocrx_word' id='word_1_9' title='bbox 2198 961 2221 992; x_wconf 86' lang='lat'><em>‚</em></span> <span class='ocrx_word' id='word_1_10' title='bbox 2269 904 2643 980; x_wconf 79' lang='lat' dir='ltr'><strong>Vrsscnnn</strong></span> <span class='ocrx_word' id='word_1_11' title='bbox 2664 960 2685 992; x_wconf 91' lang='lat'><em>,</em></span> <span class='ocrx_word' id='word_1_12' title='bbox 2726 925 2900 1004; x_wconf 90' lang='lat' dir='ltr'><strong>quas</strong></span> <span class='ocrx_word' id='word_1_13' title='bbox 2938 902 3013 978; x_wconf 89' lang='lat' dir='ltr'><strong>in</strong></span> <span class='ocrx_word' id='word_1_14' title='bbox 3053 903 3297 1006; x_wconf 84' lang='lat' dir='ltr'><strong>Belgio</strong></span> <span class='ocrx_word' id='word_1_15' title='bbox 3330 930 3413 980; x_wconf 90' lang='lat' dir='ltr'><strong>eo</strong></span> <span class='ocrx_word' id='word_1_16' title='bbox 3450 912 3625 986; x_wconf 88' lang='lat' dir='ltr'><strong>tem·</strong></span> 
     </span>
     <span class='ocr_line' id='line_1_3' title="bbox 592 1010 3626 1126; baseline -0 -25"><span class='ocrx_word' id='word_1_17' title='bbox 592 1051 756 1126; x_wconf 91' lang='lat' dir='ltr'><strong>pore</strong></span> <span class='ocrx_word' id='word_1_18' title='bbox 809 1024 1230 1102; x_wconf 88' lang='lat' dir='ltr'><strong>obtinebatis</strong></span> <span class='ocrx_word' id='word_1_19' title='bbox 1284 1025 1614 1100; x_wconf 88' lang='lat' dir='ltr'><strong>stationes</strong></span> <span class='ocrx_word' id='word_1_20' title='bbox 1632 1082 1653 1115; x_wconf 89' lang='lat'>‚</span> <span class='ocrx_word' id='word_1_21' title='bbox 1693 1049 1856 1100; x_wconf 92' lang='lat' dir='ltr'><strong>cum</strong></span> <span class='ocrx_word' id='word_1_22' title='bbox 1911 1010 2204 1101; x_wconf 82' lang='lat' dir='ltr'><strong>statione</strong></span> <span class='ocrx_word' id='word_1_23' title='bbox 2251 1023 2637 1100; x_wconf 78' lang='lat' dir='ltr'><strong>Traiectina</strong></span> <span class='ocrx_word' id='word_1_24' title='bbox 2682 1023 3249 1101; x_wconf 86' lang='lat' dir='ltr'><strong>commutavistis.</strong></span> <span class='ocrx_word' id='word_1_25' title='bbox 3372 1028 3626 1101; x_wconf 88' lang='lat' dir='ltr'><strong>Gratu-</strong></span> 
     </span>
     <span class='ocr_line' id='line_1_4' title="bbox 592 1143 3625 1246; baseline -0.001 -23"><span class='ocrx_word' id='word_1_26' title='bbox 592 1147 817 1222; x_wconf 89' lang='lat' dir='ltr'><strong>lamur</strong></span> <span class='ocrx_word' id='word_1_27' title='bbox 858 1147 1084 1237; x_wconf 76' lang='lat' dir='ltr'><strong>vobiS,</strong></span> <span class='ocrx_word' id='word_1_28' title='bbox 1135 1145 1394 1245; x_wconf 90' lang='lat' dir='ltr'><strong>quibus</strong></span> <span class='ocrx_word' id='word_1_29' title='bbox 1427 1145 1530 1221; x_wconf 91' lang='lat' dir='ltr'><strong>ita</strong></span> <span class='ocrx_word' id='word_1_30' title='bbox 1567 1143 1884 1220; x_wconf 82' lang='lat' dir='ltr'><strong>felicibus</strong></span> <span class='ocrx_word' id='word_1_31' title='bbox 1916 1169 2066 1220; x_wconf 88' lang='lat' dir='ltr'><strong>esse</strong></span> <span class='ocrx_word' id='word_1_32' title='bbox 2103 1143 2430 1245; x_wconf 84' lang='lat' dir='ltr'><strong>contigit,</strong></span> <span class='ocrx_word' id='word_1_33' title='bbox 2473 1151 2553 1218; x_wconf 91' lang='lat' dir='ltr'><strong>ut</strong></span> <span class='ocrx_word' id='word_1_34' title='bbox 2595 1144 2923 1220; x_wconf 81' lang='lat' dir='ltr'><strong>cathedra</strong></span> <span class='ocrx_word' id='word_1_35' title='bbox 2964 1151 3189 1220; x_wconf 88' lang='lat' dir='ltr'><strong>vestra</strong></span> <span class='ocrx_word' id='word_1_36' title='bbox 3226 1151 3625 1246; x_wconf 85' lang='lat' dir='ltr'><strong>transpone-</strong></span> 
     </span>
     <span class='ocr_line' id='line_1_5' title="bbox 589 1263 3627 1370; baseline 0.001 -30"><span class='ocrx_word' id='word_1_37' title='bbox 589 1275 781 1342; x_wconf 82' lang='lat' dir='ltr'><strong>retur</strong></span> <span class='ocrx_word' id='word_1_38' title='bbox 807 1267 1039 1370; x_wconf 85' lang='lat' dir='ltr'><strong>potius</strong></span> <span class='ocrx_word' id='word_1_39' title='bbox 1083 1287 1297 1366; x_wconf 90' lang='lat' dir='ltr'><strong>quam</strong></span> <span class='ocrx_word' id='word_1_40' title='bbox 1334 1266 1706 1341; x_wconf 90' lang='lat' dir='ltr'><strong>tolleretur.</strong></span> <span class='ocrx_word' id='word_1_41' title='bbox 1807 1263 2258 1340; x_wconf 89' lang='lat' dir='ltr'><strong>Gratulamur</strong></span> <span class='ocrx_word' id='word_1_42' title='bbox 2299 1265 2561 1365; x_wconf 79' lang='lat' dir='ltr'><strong>patriae</strong></span> <span class='ocrx_word' id='word_1_43' title='bbox 2600 1271 2671 1340; x_wconf 91' lang='lat' dir='ltr'><strong>et</strong></span> <span class='ocrx_word' id='word_1_44' title='bbox 2707 1264 3125 1340; x_wconf 82' lang='lat' dir='ltr'><strong>Academiae</strong></span> <span class='ocrx_word' id='word_1_45' title='bbox 3166 1265 3591 1343; x_wconf 82' lang='lat' dir='ltr'><strong>Traiectinae</strong></span> <span class='ocrx_word' id='word_1_46' title='bbox 3605 1326 3627 1357; x_wconf 89' lang='lat'><em>,</em></span> 
     </span>
     <span class='ocr_line' id='line_1_6' title="bbox 589 1384 3627 1492; baseline 0 -32"><span class='ocrx_word' id='word_1_47' title='bbox 589 1387 784 1486; x_wconf 90' lang='lat' dir='ltr'><strong>quod</strong></span> <span class='ocrx_word' id='word_1_48' title='bbox 845 1411 968 1462; x_wconf 86' lang='lat' dir='ltr'><strong>vos</strong></span> <span class='ocrx_word' id='word_1_49' title='bbox 1036 1386 1402 1492; x_wconf 85' lang='lat' dir='ltr'><strong>servaverit</strong></span> <span class='ocrx_word' id='word_1_50' title='bbox 1465 1386 1876 1474; x_wconf 88' lang='lat' dir='ltr'><strong>incolumes,</strong></span> <span class='ocrx_word' id='word_1_51' title='bbox 1941 1384 2331 1460; x_wconf 89' lang='lat' dir='ltr'><strong>studiorum</strong></span> <span class='ocrx_word' id='word_1_52' title='bbox 2395 1408 2627 1459; x_wconf 89' lang='lat' dir='ltr'><strong>amore</strong></span> <span class='ocrx_word' id='word_1_53' title='bbox 2696 1409 2969 1483; x_wconf 81' lang='lat' dir='ltr'><strong>semper</strong></span> <span class='ocrx_word' id='word_1_54' title='bbox 3029 1385 3401 1484; x_wconf 89' lang='lat' dir='ltr'><strong>flagrantes</strong></span> <span class='ocrx_word' id='word_1_55' title='bbox 3420 1445 3441 1475; x_wconf 90' lang='lat'><em>,</em></span> <span class='ocrx_word' id='word_1_56' title='bbox 3509 1411 3627 1460; x_wconf 88' lang='lat' dir='ltr'><strong>ve·</strong></span> 
     </span>
     <span class='ocr_line' id='line_1_7' title="bbox 591 1503 3632 1610; baseline 0.001 -30"><span class='ocrx_word' id='word_1_57' title='bbox 591 1506 891 1606; x_wconf 85' lang='lat' dir='ltr'><strong>strisque</strong></span> <span class='ocrx_word' id='word_1_58' title='bbox 971 1507 1238 1583; x_wconf 89' lang='lat' dir='ltr'><strong>meritis</strong></span> <span class='ocrx_word' id='word_1_59' title='bbox 1323 1503 1774 1610; x_wconf 72' lang='lat' dir='ltr'><strong>Academiam</strong></span> <span class='ocrx_word' id='word_1_60' title='bbox 1857 1511 2164 1578; x_wconf 87' lang='lat' dir='ltr'><strong>nostram</strong></span> <span class='ocrx_word' id='word_1_61' title='bbox 2247 1503 2695 1580; x_wconf 75' lang='lat' dir='ltr'><strong>illustrantes.</strong></span> <span class='ocrx_word' id='word_1_62' title='bbox 2829 1506 2964 1580; x_wconf 90' lang='lat' dir='ltr'><strong>Per</strong></span> <span class='ocrx_word' id='word_1_63' title='bbox 3039 1506 3349 1605; x_wconf 90' lang='lat' dir='ltr'><strong>quinque</strong></span> <span class='ocrx_word' id='word_1_64' title='bbox 3414 1507 3632 1582; x_wconf 86' lang='lat' dir='ltr'><strong>lustra</strong></span> 
     </span>
     <span class='ocr_line' id='line_1_8' title="bbox 589 1622 3629 1726; baseline -0 -23"><span class='ocrx_word' id='word_1_65' title='bbox 589 1628 858 1726; x_wconf 83' lang='lat' dir='ltr'><strong>experti</strong></span> <span class='ocrx_word' id='word_1_66' title='bbox 923 1628 1090 1703; x_wconf 87' lang='lat' dir='ltr'><strong>estis</strong></span> <span class='ocrx_word' id='word_1_67' title='bbox 1108 1686 1129 1716; x_wconf 85' lang='lat'>‚</span> <span class='ocrx_word' id='word_1_68' title='bbox 1195 1626 1440 1725; x_wconf 87' lang='lat' dir='ltr'><strong>quanti</strong></span> <span class='ocrx_word' id='word_1_69' title='bbox 1507 1649 1626 1700; x_wconf 88' lang='lat' dir='ltr'><strong>vos</strong></span> <span class='ocrx_word' id='word_1_70' title='bbox 1691 1623 1950 1700; x_wconf 84' lang='lat' dir='ltr'><strong>faciant</strong></span> <span class='ocrx_word' id='word_1_71' title='bbox 2009 1622 2193 1698; x_wconf 88' lang='lat' dir='ltr'><strong>cives</strong></span> <span class='ocrx_word' id='word_1_72' title='bbox 2241 1623 2460 1698; x_wconf 87' lang='lat' dir='ltr'>nostri</span> <span class='ocrx_word' id='word_1_73' title='bbox 2520 1624 2867 1722; x_wconf 78' lang='lat' dir='ltr'><strong>vestrique</strong></span> <span class='ocrx_word' id='word_1_74' title='bbox 2940 1623 3260 1724; x_wconf 86' lang='lat' dir='ltr'><strong>discipuli</strong></span> <span class='ocrx_word' id='word_1_75' title='bbox 3277 1683 3300 1716; x_wconf 88' lang='lat'>‚</span> <span class='ocrx_word' id='word_1_76' title='bbox 3367 1634 3591 1702; x_wconf 87' lang='lat' dir='ltr'><strong>aetate</strong></span> <span class='ocrx_word' id='word_1_77' title='bbox 3608 1685 3629 1716; x_wconf 94' lang='lat'>,</span> 
     </span>
     <span class='ocr_line' id='line_1_9' title="bbox 588 1742 3630 1845; baseline 0 -24"><span class='ocrx_word' id='word_1_78' title='bbox 588 1746 997 1822; x_wconf 86' lang='lat' dir='ltr'><strong>muneribus</strong></span> <span class='ocrx_word' id='word_1_79' title='bbox 1015 1805 1036 1836; x_wconf 94' lang='lat'>,</span> <span class='ocrx_word' id='word_1_80' title='bbox 1080 1746 1342 1822; x_wconf 87' lang='lat' dir='ltr'><strong>meritis</strong></span> <span class='ocrx_word' id='word_1_81' title='bbox 1383 1744 1808 1844; x_wconf 87' lang='lat' dir='ltr'><strong>conspicuos.</strong></span> <span class='ocrx_word' id='word_1_82' title='bbox 1907 1744 2167 1818; x_wconf 86' lang='lat' dir='ltr'><strong>Favere</strong></span> <span class='ocrx_word' id='word_1_83' title='bbox 2211 1742 2633 1820; x_wconf 75' lang='lat' dir='ltr'><strong>Academiae</strong></span> <span class='ocrx_word' id='word_1_84' title='bbox 2672 1752 2951 1820; x_wconf 89' lang='lat' dir='ltr'><strong>nostrae</strong></span> <span class='ocrx_word' id='word_1_85' title='bbox 2993 1745 3283 1845; x_wconf 90' lang='lat' dir='ltr'><strong>eiusque</strong></span> <span class='ocrx_word' id='word_1_86' title='bbox 3327 1770 3630 1827; x_wconf 87' lang='lat' dir='ltr'><strong>commo·</strong></span> 
     </span>
     <span class='ocr_line' id='line_1_10' title="bbox 587 1862 3626 1967; baseline 0 -27"><span class='ocrx_word' id='word_1_87' title='bbox 587 1865 698 1941; x_wconf 90' lang='lat' dir='ltr'><strong>dis</strong></span> <span class='ocrx_word' id='word_1_88' title='bbox 750 1867 1075 1967; x_wconf 81' lang='lat' dir='ltr'><strong>prodesse</strong></span> <span class='ocrx_word' id='word_1_89' title='bbox 1129 1866 1340 1942; x_wconf 89' lang='lat' dir='ltr'><strong>etiam</strong></span> <span class='ocrx_word' id='word_1_90' title='bbox 1393 1863 1719 1964; x_wconf 84' lang='lat' dir='ltr'><strong>deinceps</strong></span> <span class='ocrx_word' id='word_1_91' title='bbox 1763 1863 2068 1963; x_wconf 80' lang='lat' dir='ltr'><strong>pergite!</strong></span> <span class='ocrx_word' id='word_1_92' title='bbox 2171 1863 2494 1964; x_wconf 83' lang='lat' dir='ltr'><strong>Collegae</strong></span> <span class='ocrx_word' id='word_1_93' title='bbox 2550 1862 2759 1938; x_wconf 88' lang='lat' dir='ltr'><strong>vestri</strong></span> <span class='ocrx_word' id='word_1_94' title='bbox 2778 1921 2800 1953; x_wconf 87' lang='lat'>‚</span> <span class='ocrx_word' id='word_1_95' title='bbox 2856 1888 3079 1964; x_wconf 89' lang='lat' dir='ltr'><strong>aeque</strong></span> <span class='ocrx_word' id='word_1_96' title='bbox 3118 1889 3199 1942; x_wconf 91' lang='lat' dir='ltr'><strong>ac</strong></span> <span class='ocrx_word' id='word_1_97' title='bbox 3244 1865 3451 1941; x_wconf 88' lang='lat' dir='ltr'><strong>vestri</strong></span> <span class='ocrx_word' id='word_1_98' title='bbox 3484 1864 3626 1940; x_wconf 85' lang='lat' dir='ltr'><strong>dis-</strong></span> 
     </span>
     <span class='ocr_line' id='line_1_11' title="bbox 587 1984 2152 2084; baseline -0.001 -26"><span class='ocrx_word' id='word_1_99' title='bbox 587 1984 835 2084; x_wconf 88' lang='lat' dir='ltr'><strong>cipuli,</strong></span> <span class='ocrx_word' id='word_1_100' title='bbox 880 2009 1002 2060; x_wconf 82' lang='lat' dir='ltr'><strong>vos</strong></span> <span class='ocrx_word' id='word_1_101' title='bbox 1054 1985 1298 2061; x_wconf 88' lang='lat' dir='ltr'><strong>colunt</strong></span> <span class='ocrx_word' id='word_1_102' title='bbox 1318 2043 1340 2076; x_wconf 89' lang='lat'>‚</span> <span class='ocrx_word' id='word_1_103' title='bbox 1389 1991 1664 2074; x_wconf 87' lang='lat' dir='ltr'><strong>amant,</strong></span> <span class='ocrx_word' id='word_1_104' title='bbox 1713 1984 2152 2058; x_wconf 84' lang='lat' dir='ltr'><strong>reverentur!</strong></span> 
     </span>
    </p>
   </div>
   <div class='ocr_carea' id='block_1_3' title="bbox 2830 2227 2880 2246">
    <p class='ocr_par' dir='ltr' id='par_1_3' title="bbox 2830 2227 2880 2246">
     <span class='ocr_line' id='line_1_12' title="bbox 2830 2227 2880 2246; baseline 0 -2"><span class='ocrx_word' id='word_1_105' title='bbox 2830 2227 2880 2246; x_wconf 46' lang='lat' dir='ltr'>Q</span> 
     </span>
    </p>
   </div>
   <div class='ocr_carea' id='block_1_4' title="bbox 1839 2251 2382 2272">
    <p class='ocr_par' dir='ltr' id='par_1_4' title="bbox 1839 2251 2382 2272">
     <span class='ocr_line' id='line_1_13' title="bbox 1839 2251 2382 2272; baseline 0 3912"><span class='ocrx_word' id='word_1_106' title='bbox 1839 2251 2382 2272; x_wconf 95' lang='lat' dir='ltr'><strong> </strong></span> 
     </span>
    </p>
   </div>
   <div class='ocr_carea' id='block_1_5' title="bbox 508 2462 3737 5053">
    <p class='ocr_par' dir='ltr' id='par_1_5' title="bbox 580 2462 3737 3639">
     <span class='ocr_line' id='line_1_14' title="bbox 683 2462 3629 2545; baseline -0.001 0"><span class='ocrx_word' id='word_1_107' title='bbox 683 2468 920 2545; x_wconf 84' lang='lat' dir='ltr'><strong>Quam</strong></span> <span class='ocrx_word' id='word_1_108' title='bbox 978 2465 1172 2542; x_wconf 86' lang='lat' dir='ltr'><strong>iuvat</strong></span> <span class='ocrx_word' id='word_1_109' title='bbox 1229 2466 1320 2541; x_wconf 92' lang='lat' dir='ltr'><strong>de</strong></span> <span class='ocrx_word' id='word_1_110' title='bbox 1394 2463 1881 2541; x_wconf 82' lang='lat' dir='ltr'><strong>florentissima</strong></span> <span class='ocrx_word' id='word_1_111' title='bbox 1944 2463 2363 2540; x_wconf 87' lang='lat' dir='ltr'><strong>Academiae</strong></span> <span class='ocrx_word' id='word_1_112' title='bbox 2423 2469 2703 2539; x_wconf 86' lang='lat' dir='ltr'><strong>nostrae</strong></span> <span class='ocrx_word' id='word_1_113' title='bbox 2772 2462 3169 2541; x_wconf 82' lang='lat' dir='ltr'><strong>conditione</strong></span> <span class='ocrx_word' id='word_1_114' title='bbox 3240 2491 3355 2542; x_wconf 90' lang='lat' dir='ltr'><strong>me</strong></span> <span class='ocrx_word' id='word_1_115' title='bbox 3433 2468 3629 2544; x_wconf 88' lang='lat' dir='ltr'><strong>vobis</strong></span> 
     </span>
     <span class='ocr_line' id='line_1_15' title="bbox 586 2581 3629 2684; baseline 0.001 -25"><span class='ocrx_word' id='word_1_116' title='bbox 586 2582 1064 2684; x_wconf 88' lang='lat' dir='ltr'><strong>praesentibus</strong></span> <span class='ocrx_word' id='word_1_117' title='bbox 1123 2582 1348 2658; x_wconf 89' lang='lat' dir='ltr'><strong>dicere</strong></span> <span class='ocrx_word' id='word_1_118' title='bbox 1363 2639 1386 2672; x_wconf 88' lang='lat'>‚</span> <span class='ocrx_word' id='word_1_119' title='bbox 1451 2583 1824 2660; x_wconf 71' lang='lat' dir='ltr'><strong>Curatores</strong></span> <span class='ocrx_word' id='word_1_120' title='bbox 1883 2582 2304 2658; x_wconf 88' lang='lat' dir='ltr'><strong>Academiae</strong></span> <span class='ocrx_word' id='word_1_121' title='bbox 2321 2640 2342 2670; x_wconf 90' lang='lat'><em>,</em></span> <span class='ocrx_word' id='word_1_122' title='bbox 2405 2581 2560 2656; x_wconf 89' lang='lat' dir='ltr'><strong>Viri</strong></span> <span class='ocrx_word' id='word_1_123' title='bbox 2606 2581 3081 2682; x_wconf 78' lang='lat' dir='ltr'><strong>Amplissimi!</strong></span> <span class='ocrx_word' id='word_1_124' title='bbox 3164 2585 3349 2662; x_wconf 88' lang='lat' dir='ltr'><strong>Nam</strong></span> <span class='ocrx_word' id='word_1_125' title='bbox 3403 2595 3629 2662; x_wconf 86' lang='lat' dir='ltr'><strong>vestra</strong></span> 
     </span>
     <span class='ocr_line' id='line_1_16' title="bbox 584 2700 3628 2801; baseline 0.001 -22"><span class='ocrx_word' id='word_1_126' title='bbox 584 2727 750 2779; x_wconf 91' lang='lat' dir='ltr'><strong>cura</strong></span> <span class='ocrx_word' id='word_1_127' title='bbox 793 2701 962 2778; x_wconf 87' lang='lat' dir='ltr'><strong>haec</strong></span> <span class='ocrx_word' id='word_1_128' title='bbox 1003 2702 1310 2779; x_wconf 87' lang='lat' dir='ltr'><strong>conditio</strong></span> <span class='ocrx_word' id='word_1_129' title='bbox 1351 2702 1458 2779; x_wconf 87' lang='lat' dir='ltr'><strong>vel</strong></span> <span class='ocrx_word' id='word_1_130' title='bbox 1497 2703 1945 2779; x_wconf 82' lang='lat' dir='ltr'><strong>confirmatur</strong></span> <span class='ocrx_word' id='word_1_131' title='bbox 1993 2700 2102 2777; x_wconf 92' lang='lat' dir='ltr'><strong>vel</strong></span> <span class='ocrx_word' id='word_1_132' title='bbox 2147 2701 2632 2801; x_wconf 88' lang='lat' dir='ltr'><strong>amplificatur.</strong></span> <span class='ocrx_word' id='word_1_133' title='bbox 2735 2704 2971 2781; x_wconf 86' lang='lat' dir='ltr'><strong>Quare</strong></span> <span class='ocrx_word' id='word_1_134' title='bbox 3019 2703 3361 2782; x_wconf 86' lang='lat' dir='ltr'><strong>laetamur</strong></span> <span class='ocrx_word' id='word_1_135' title='bbox 3412 2707 3628 2782; x_wconf 90' lang='lat' dir='ltr'><strong>etiam</strong></span> 
     </span>
     <span class='ocr_line' id='line_1_17' title="bbox 581 2820 3629 2921; baseline 0.001 -24"><span class='ocrx_word' id='word_1_136' title='bbox 581 2821 1004 2898; x_wconf 84' lang='lat' dir='ltr'><strong>Academiae</strong></span> <span class='ocrx_word' id='word_1_137' title='bbox 1064 2845 1304 2912; x_wconf 86' lang='lat' dir='ltr'><strong>causa,</strong></span> <span class='ocrx_word' id='word_1_138' title='bbox 1372 2823 1563 2921; x_wconf 83' lang='lat' dir='ltr'><strong>quod</strong></span> <span class='ocrx_word' id='word_1_139' title='bbox 1622 2845 1744 2898; x_wconf 86' lang='lat' dir='ltr'><strong>vos</strong></span> <span class='ocrx_word' id='word_1_140' title='bbox 1797 2845 2000 2900; x_wconf 88' lang='lat' dir='ltr'><strong>sanos</strong></span> <span class='ocrx_word' id='word_1_141' title='bbox 2051 2820 2483 2919; x_wconf 85' lang='lat' dir='ltr'><strong>sospitesque</strong></span> <span class='ocrx_word' id='word_1_142' title='bbox 2525 2820 2639 2896; x_wconf 87' lang='lat' dir='ltr'><strong>hic</strong></span> <span class='ocrx_word' id='word_1_143' title='bbox 2699 2821 2941 2896; x_wconf 88' lang='lat' dir='ltr'><strong>adesse</strong></span> <span class='ocrx_word' id='word_1_144' title='bbox 2993 2821 3313 2899; x_wconf 86' lang='lat' dir='ltr'><strong>videmus</strong></span> <span class='ocrx_word' id='word_1_145' title='bbox 3366 2849 3629 2904; x_wconf 88' lang='lat' dir='ltr'><strong>omnes.</strong></span> 
     </span>
     <span class='ocr_line' id='line_1_18' title="bbox 583 2938 3635 3042; baseline 0.002 -26"><span class='ocrx_word' id='word_1_146' title='bbox 583 2942 854 3020; x_wconf 88' lang='lat' dir='ltr'><strong>Luctus</strong></span> <span class='ocrx_word' id='word_1_147' title='bbox 921 2947 1090 3017; x_wconf 88' lang='lat' dir='ltr'><strong>tuus</strong></span> <span class='ocrx_word' id='word_1_148' title='bbox 1107 3001 1131 3031; x_wconf 90' lang='lat'>‚</span> <span class='ocrx_word' id='word_1_149' title='bbox 1185 2940 1637 3042; x_wconf 90' lang='lat' dir='ltr'><strong>Amplissime</strong></span> <span class='ocrx_word' id='word_1_150' title='bbox 1707 2958 1857 3016; x_wconf 69' lang='lat' dir='ltr'><strong>vm</strong></span> <span class='ocrx_word' id='word_1_151' title='bbox 1912 2938 2285 3017; x_wconf 65' lang='lat' dir='ltr'><strong>Hormus</strong></span> <span class='ocrx_word' id='word_1_152' title='bbox 2301 2999 2324 3029; x_wconf 88' lang='lat'>‚</span> <span class='ocrx_word' id='word_1_153' title='bbox 2403 2940 2615 3018; x_wconf 89' lang='lat' dir='ltr'><strong>etiam</strong></span> <span class='ocrx_word' id='word_1_154' title='bbox 2671 2964 2801 3016; x_wconf 93' lang='lat' dir='ltr'><strong>nos</strong></span> <span class='ocrx_word' id='word_1_155' title='bbox 2865 2941 3157 3018; x_wconf 83' lang='lat' dir='ltr'><strong>adflixit.</strong></span> <span class='ocrx_word' id='word_1_156' title='bbox 3274 2943 3461 3020; x_wconf 90' lang='lat' dir='ltr'><strong>Nam</strong></span> <span class='ocrx_word' id='word_1_157' title='bbox 3534 2945 3635 3022; x_wconf 89' lang='lat' dir='ltr'><strong>ita</strong></span> 
     </span>
     <span class='ocr_line' id='line_1_19' title="bbox 581 3059 3632 3163; baseline 0.002 -27"><span class='ocrx_word' id='word_1_158' title='bbox 581 3060 887 3161; x_wconf 85' lang='lat' dir='ltr'><strong>profecto</strong></span> <span class='ocrx_word' id='word_1_159' title='bbox 956 3061 1106 3137; x_wconf 91' lang='lat' dir='ltr'><strong>nati</strong></span> <span class='ocrx_word' id='word_1_160' title='bbox 1161 3086 1407 3138; x_wconf 91' lang='lat' dir='ltr'><strong>sumus</strong></span> <span class='ocrx_word' id='word_1_161' title='bbox 1467 3061 1780 3138; x_wconf 88' lang='lat' dir='ltr'><strong>homines</strong></span> <span class='ocrx_word' id='word_1_162' title='bbox 1798 3119 1821 3150; x_wconf 90' lang='lat'>‚</span> <span class='ocrx_word' id='word_1_163' title='bbox 1889 3067 1972 3135; x_wconf 89' lang='lat' dir='ltr'><strong>ut</strong></span> <span class='ocrx_word' id='word_1_164' title='bbox 2033 3083 2215 3159; x_wconf 91' lang='lat' dir='ltr'><strong>quae</strong></span> <span class='ocrx_word' id='word_1_165' title='bbox 2277 3059 2563 3158; x_wconf 87' lang='lat' dir='ltr'><strong>privatis</strong></span> <span class='ocrx_word' id='word_1_166' title='bbox 2621 3061 2823 3138; x_wconf 90' lang='lat' dir='ltr'><strong>nobis</strong></span> <span class='ocrx_word' id='word_1_167' title='bbox 2874 3061 3229 3151; x_wconf 87' lang='lat' dir='ltr'><strong>accidant,</strong></span> <span class='ocrx_word' id='word_1_168' title='bbox 3277 3064 3632 3163; x_wconf 88' lang='lat' dir='ltr'><strong>publicam</strong></span> 
     </span>
     <span class='ocr_line' id='line_1_20' title="bbox 581 3177 3627 3286; baseline 0.003 -32"><span class='ocrx_word' id='word_1_169' title='bbox 581 3203 861 3278; x_wconf 88' lang='lat' dir='ltr'><strong>quoque</strong></span> <span class='ocrx_word' id='word_1_170' title='bbox 919 3204 1285 3280; x_wconf 88' lang='lat' dir='ltr'><strong>personam</strong></span> <span class='ocrx_word' id='word_1_171' title='bbox 1332 3180 1695 3271; x_wconf 75' lang='lat' dir='ltr'><strong>adiiciant,</strong></span> <span class='ocrx_word' id='word_1_172' title='bbox 1743 3203 2063 3279; x_wconf 84' lang='lat' dir='ltr'><strong>quaeque</strong></span> <span class='ocrx_word' id='word_1_173' title='bbox 2111 3177 2464 3280; x_wconf 90' lang='lat' dir='ltr'><strong>publicam</strong></span> <span class='ocrx_word' id='word_1_174' title='bbox 2514 3203 2882 3280; x_wconf 83' lang='lat' dir='ltr'><strong>personam</strong></span> <span class='ocrx_word' id='word_1_175' title='bbox 2926 3188 3231 3282; x_wconf 83' lang='lat' dir='ltr'><strong>tangunt</strong></span> <span class='ocrx_word' id='word_1_176' title='bbox 3270 3208 3314 3260; x_wconf 90' lang='lat' dir='ltr'><strong>a</strong></span> <span class='ocrx_word' id='word_1_177' title='bbox 3358 3185 3627 3286; x_wconf 89' lang='lat' dir='ltr'><strong>privata</strong></span> 
     </span>
     <span class='ocr_line' id='line_1_21' title="bbox 580 3297 3737 3402; baseline 0.002 -28"><span class='ocrx_word' id='word_1_178' title='bbox 580 3323 722 3375; x_wconf 92' lang='lat' dir='ltr'><strong>non</strong></span> <span class='ocrx_word' id='word_1_179' title='bbox 763 3299 906 3374; x_wconf 86' lang='lat' dir='ltr'><strong>sint</strong></span> <span class='ocrx_word' id='word_1_180' title='bbox 945 3299 1188 3377; x_wconf 89' lang='lat' dir='ltr'><strong>aliena.</strong></span> <span class='ocrx_word' id='word_1_181' title='bbox 1287 3297 1402 3376; x_wconf 88' lang='lat' dir='ltr'><strong>Ita</strong></span> <span class='ocrx_word' id='word_1_182' title='bbox 1441 3308 1524 3376; x_wconf 92' lang='lat' dir='ltr'><strong>tu</strong></span> <span class='ocrx_word' id='word_1_183' title='bbox 1571 3323 1850 3400; x_wconf 88' lang='lat' dir='ltr'><strong>quoque</strong></span> <span class='ocrx_word' id='word_1_184' title='bbox 1891 3298 1966 3374; x_wconf 87' lang='lat' dir='ltr'><strong>in</strong></span> <span class='ocrx_word' id='word_1_185' title='bbox 2008 3299 2230 3375; x_wconf 85' lang='lat' dir='ltr'><strong>salute</strong></span> <span class='ocrx_word' id='word_1_186' title='bbox 2273 3297 2650 3374; x_wconf 83' lang='lat' dir='ltr'><strong>liberorum</strong></span> <span class='ocrx_word' id='word_1_187' title='bbox 2694 3307 2978 3375; x_wconf 90' lang='lat' dir='ltr'><strong>tuorum</strong></span> <span class='ocrx_word' id='word_1_188' title='bbox 3020 3308 3093 3376; x_wconf 92' lang='lat' dir='ltr'><strong>et</strong></span> <span class='ocrx_word' id='word_1_189' title='bbox 3133 3303 3587 3402; x_wconf 87' lang='lat' dir='ltr'><strong>prosperitate</strong></span> <span class='ocrx_word' id='word_1_190' title='bbox 3605 3363 3626 3394; x_wconf 94' lang='lat'>,</span> <span class='ocrx_word' id='word_1_191' title='bbox 3721 3307 3737 3324; x_wconf 56' lang='lat'><strong>⁸</strong></span> 
     </span>
     <span class='ocr_line' id='line_1_22' title="bbox 583 3417 3628 3525; baseline 0.002 -29"><span class='ocrx_word' id='word_1_192' title='bbox 583 3444 721 3496; x_wconf 91' lang='lat' dir='ltr'><strong>non</strong></span> <span class='ocrx_word' id='word_1_193' title='bbox 798 3419 1032 3494; x_wconf 90' lang='lat' dir='ltr'><strong>minus</strong></span> <span class='ocrx_word' id='word_1_194' title='bbox 1089 3445 1301 3520; x_wconf 90' lang='lat' dir='ltr'><strong>quam</strong></span> <span class='ocrx_word' id='word_1_195' title='bbox 1363 3421 1439 3494; x_wconf 93' lang='lat' dir='ltr'><strong>in</strong></span> <span class='ocrx_word' id='word_1_196' title='bbox 1495 3419 1891 3495; x_wconf 83' lang='lat' dir='ltr'><strong>felicissima</strong></span> <span class='ocrx_word' id='word_1_197' title='bbox 1946 3417 2364 3495; x_wconf 87' lang='lat' dir='ltr'><strong>Academiae</strong></span> <span class='ocrx_word' id='word_1_198' title='bbox 2409 3417 2573 3494; x_wconf 78' lang='lat' dir='ltr'><strong>tu&#39;ae</strong></span> <span class='ocrx_word' id='word_1_199' title='bbox 2618 3418 3013 3496; x_wconf 89' lang='lat' dir='ltr'><strong>conditione</strong></span> <span class='ocrx_word' id='word_1_200' title='bbox 3033 3479 3055 3512; x_wconf 89' lang='lat'>‚</span> <span class='ocrx_word' id='word_1_201' title='bbox 3123 3421 3367 3502; x_wconf 90' lang='lat' dir='ltr'><strong>solatia</strong></span> <span class='ocrx_word' id='word_1_202' title='bbox 3412 3423 3628 3525; x_wconf 85' lang='lat' dir='ltr'><strong>digna</strong></span> 
     </span>
     <span class='ocr_line' id='line_1_23' title="bbox 585 3539 1676 3639; baseline 0.002 -25"><span class='ocrx_word' id='word_1_203' title='bbox 585 3546 656 3614; x_wconf 89' lang='lat' dir='ltr'><strong>et</strong></span> <span class='ocrx_word' id='word_1_204' title='bbox 706 3562 998 3639; x_wconf 87' lang='lat' dir='ltr'><strong>quaeras</strong></span> <span class='ocrx_word' id='word_1_205' title='bbox 1055 3539 1188 3614; x_wconf 89' lang='lat' dir='ltr'><strong>tibi</strong></span> <span class='ocrx_word' id='word_1_206' title='bbox 1231 3548 1304 3614; x_wconf 91' lang='lat' dir='ltr'><strong>et</strong></span> <span class='ocrx_word' id='word_1_207' title='bbox 1345 3539 1676 3616; x_wconf 85' lang='lat' dir='ltr'><strong>invenias.</strong></span> 
     </span>
    </p>

    <p class='ocr_par' dir='ltr' id='par_1_6' title="bbox 508 3657 3723 5053">
     <span class='ocr_line' id='line_1_24' title="bbox 679 3657 3625 3764; baseline 0.002 -30"><span class='ocrx_word' id='word_1_208' title='bbox 679 3658 921 3736; x_wconf 88' lang='lat' dir='ltr'><strong>Habet</strong></span> <span class='ocrx_word' id='word_1_209' title='bbox 991 3665 1227 3737; x_wconf 87' lang='lat' dir='ltr'><strong>autem</strong></span> <span class='ocrx_word' id='word_1_210' title='bbox 1299 3658 1716 3738; x_wconf 88' lang='lat' dir='ltr'><strong>Academica</strong></span> <span class='ocrx_word' id='word_1_211' title='bbox 1782 3659 1904 3736; x_wconf 90' lang='lat' dir='ltr'><strong>illa</strong></span> <span class='ocrx_word' id='word_1_212' title='bbox 1972 3683 2140 3736; x_wconf 90' lang='lat' dir='ltr'><strong>cura</strong></span> <span class='ocrx_word' id='word_1_213' title='bbox 2200 3657 2467 3760; x_wconf 88' lang='lat' dir='ltr'><strong>aliquid</strong></span> <span class='ocrx_word' id='word_1_214' title='bbox 2530 3661 2889 3763; x_wconf 89' lang='lat' dir='ltr'><strong>proprium</strong></span> <span class='ocrx_word' id='word_1_215' title='bbox 2960 3669 3171 3762; x_wconf 88' lang='lat' dir='ltr'><strong>atque</strong></span> <span class='ocrx_word' id='word_1_216' title='bbox 3234 3663 3585 3764; x_wconf 80' lang='lat' dir='ltr'><strong>singulare</strong></span> <span class='ocrx_word' id='word_1_217' title='bbox 3599 3722 3625 3752; x_wconf 64' lang='lat'><strong>‚‚</strong></span> 
     </span>
     <span class='ocr_line' id='line_1_25' title="bbox 586 3777 3625 3879; baseline 0.001 -27"><span class='ocrx_word' id='word_1_218' title='bbox 586 3801 807 3878; x_wconf 90' lang='lat' dir='ltr'><strong>quum</strong></span> <span class='ocrx_word' id='word_1_219' title='bbox 865 3785 936 3853; x_wconf 90' lang='lat' dir='ltr'><strong>et</strong></span> <span class='ocrx_word' id='word_1_220' title='bbox 993 3784 1331 3879; x_wconf 89' lang='lat' dir='ltr'><strong>perpetuo</strong></span> <span class='ocrx_word' id='word_1_221' title='bbox 1389 3777 1670 3877; x_wconf 82' lang='lat' dir='ltr'><strong>vigilem</strong></span> <span class='ocrx_word' id='word_1_222' title='bbox 1725 3801 1882 3854; x_wconf 88' lang='lat' dir='ltr'><strong>eam</strong></span> <span class='ocrx_word' id='word_1_223' title='bbox 1923 3801 2075 3852; x_wconf 87' lang='lat' dir='ltr'><strong>esse</strong></span> <span class='ocrx_word' id='word_1_224' title='bbox 2121 3785 2436 3876; x_wconf 88' lang='lat' dir='ltr'><strong>oporteat</strong></span> <span class='ocrx_word' id='word_1_225' title='bbox 2453 3836 2475 3867; x_wconf 93' lang='lat'>,</span> <span class='ocrx_word' id='word_1_226' title='bbox 2526 3779 2651 3856; x_wconf 91' lang='lat' dir='ltr'><strong>ubi</strong></span> <span class='ocrx_word' id='word_1_227' title='bbox 2702 3781 2781 3856; x_wconf 92' lang='lat' dir='ltr'><strong>id</strong></span> <span class='ocrx_word' id='word_1_228' title='bbox 2822 3781 3109 3856; x_wconf 90' lang='lat' dir='ltr'><strong>minime</strong></span> <span class='ocrx_word' id='word_1_229' title='bbox 3158 3781 3464 3858; x_wconf 89' lang='lat' dir='ltr'><strong>cernitur</strong></span> <span class='ocrx_word' id='word_1_230' title='bbox 3480 3839 3503 3872; x_wconf 90' lang='lat'>‚</span> <span class='ocrx_word' id='word_1_231' title='bbox 3550 3789 3625 3856; x_wconf 90' lang='lat' dir='ltr'><strong>et</strong></span> 
     </span>
     <span class='ocr_line' id='line_1_26' title="bbox 571 3896 3623 3999; baseline 0 -25"><span class='ocrx_word' id='word_1_232' title='bbox 571 3897 890 3974; x_wconf 83' lang='lat' dir='ltr'><strong>‘subinde</strong></span> <span class='ocrx_word' id='word_1_233' title='bbox 943 3897 1038 3974; x_wconf 89' lang='lat' dir='ltr'><strong>ad</strong></span> <span class='ocrx_word' id='word_1_234' title='bbox 1097 3905 1376 3999; x_wconf 88' lang='lat' dir='ltr'><strong>tempus</strong></span> <span class='ocrx_word' id='word_1_235' title='bbox 1435 3905 1762 3998; x_wconf 85' lang='lat' dir='ltr'><strong>appareat</strong></span> <span class='ocrx_word' id='word_1_236' title='bbox 1803 3896 2086 3996; x_wconf 87' lang='lat' dir='ltr'><strong>vimque</strong></span> <span class='ocrx_word' id='word_1_237' title='bbox 2135 3920 2334 3974; x_wconf 90' lang='lat' dir='ltr'><strong>suam</strong></span> <span class='ocrx_word' id='word_1_238' title='bbox 2379 3906 2453 3973; x_wconf 89' lang='lat' dir='ltr'><strong>et</strong></span> <span class='ocrx_word' id='word_1_239' title='bbox 2500 3899 2843 3975; x_wconf 89' lang='lat' dir='ltr'><strong>actionem</strong></span> <span class='ocrx_word' id='word_1_240' title='bbox 2900 3900 3243 3976; x_wconf 90' lang='lat' dir='ltr'><strong>ostendat.</strong></span> <span class='ocrx_word' id='word_1_241' title='bbox 3312 3901 3623 3982; x_wconf 85' lang='lat' dir='ltr'><strong>Quotus-</strong></span> 
     </span>
     <span class='ocr_line' id='line_1_27' title="bbox 586 4017 3624 4121; baseline 0 -27"><span class='ocrx_word' id='word_1_242' title='bbox 586 4019 883 4119; x_wconf 86' lang='lat' dir='ltr'><strong>quisque</strong></span> <span class='ocrx_word' id='word_1_243' title='bbox 931 4024 1041 4094; x_wconf 89' lang='lat' dir='ltr'><strong>est</strong></span> <span class='ocrx_word' id='word_1_244' title='bbox 1054 4031 1094 4110; x_wconf 80' lang='lat'><strong>‚·</strong></span> <span class='ocrx_word' id='word_1_245' title='bbox 1123 4019 1246 4117; x_wconf 89' lang='lat' dir='ltr'><strong>qui</strong></span> <span class='ocrx_word' id='word_1_246' title='bbox 1292 4017 1556 4094; x_wconf 86' lang='lat' dir='ltr'><strong>nesciat</strong></span> <span class='ocrx_word' id='word_1_247' title='bbox 1570 4075 1590 4107; x_wconf 92' lang='lat'>,</span> <span class='ocrx_word' id='word_1_248' title='bbox 1639 4040 1852 4117; x_wconf 91' lang='lat' dir='ltr'><strong>quam</strong></span> <span class='ocrx_word' id='word_1_249' title='bbox 1893 4017 2098 4093; x_wconf 86' lang='lat' dir='ltr'><strong>anxie</strong></span> <span class='ocrx_word' id='word_1_250' title='bbox 2118 4074 2139 4107; x_wconf 90' lang='lat'>‚</span> <span class='ocrx_word' id='word_1_251' title='bbox 2189 4025 2475 4094; x_wconf 88' lang='lat' dir='ltr'><strong>vacante</strong></span> <span class='ocrx_word' id='word_1_252' title='bbox 2514 4018 2839 4094; x_wconf 88' lang='lat' dir='ltr'><strong>cathedra</strong></span> <span class='ocrx_word' id='word_1_253' title='bbox 2856 4077 2879 4110; x_wconf 87' lang='lat'>‚</span> <span class='ocrx_word' id='word_1_254' title='bbox 2928 4019 3441 4121; x_wconf 79' lang='lat' dir='ltr'><strong>conquirendas</strong></span> <span class='ocrx_word' id='word_1_255' title='bbox 3490 4021 3624 4110; x_wconf 85' lang='lat' dir='ltr'><strong>sit,</strong></span> 
     </span>
     <span class='ocr_line' id='line_1_28' title="bbox 588 4137 3622 4240; baseline 0.001 -26"><span class='ocrx_word' id='word_1_256' title='bbox 588 4139 712 4240; x_wconf 89' lang='lat' dir='ltr'><strong>qui</strong></span> <span class='ocrx_word' id='word_1_257' title='bbox 777 4163 932 4238; x_wconf 80' lang='lat' dir='ltr'><strong>eam</strong></span> <span class='ocrx_word' id='word_1_258' title='bbox 991 4139 1068 4214; x_wconf 88' lang='lat' dir='ltr'><strong>in</strong></span> <span class='ocrx_word' id='word_1_259' title='bbox 1127 4137 1548 4215; x_wconf 90' lang='lat' dir='ltr'><strong>Academiae</strong></span> <span class='ocrx_word' id='word_1_260' title='bbox 1608 4137 2160 4214; x_wconf 89' lang='lat' dir='ltr'><strong>emolumentum</strong></span> <span class='ocrx_word' id='word_1_261' title='bbox 2213 4145 2674 4237; x_wconf 76' lang='lat' dir='ltr'><strong>occupaturus</strong></span> <span class='ocrx_word' id='word_1_262' title='bbox 2724 4138 2833 4216; x_wconf 86' lang='lat' dir='ltr'><strong>sit.</strong></span> <span class='ocrx_word' id='word_1_263' title='bbox 2932 4141 3170 4218; x_wconf 89' lang='lat' dir='ltr'><strong>Mores</strong></span> <span class='ocrx_word' id='word_1_264' title='bbox 3188 4201 3209 4231; x_wconf 92' lang='lat'><em>,</em></span> <span class='ocrx_word' id='word_1_265' title='bbox 3258 4141 3583 4222; x_wconf 85' lang='lat' dir='ltr'><strong>valetudo</strong></span> <span class='ocrx_word' id='word_1_266' title='bbox 3602 4199 3622 4230; x_wconf 91' lang='lat'>,</span> 
     </span>
     <span class='ocr_line' id='line_1_29' title="bbox 587 4257 3627 4360; baseline 0 -27"><span class='ocrx_word' id='word_1_267' title='bbox 587 4257 898 4334; x_wconf 86' lang='lat' dir='ltr'><strong>doctrina</strong></span> <span class='ocrx_word' id='word_1_268' title='bbox 913 4316 936 4349; x_wconf 87' lang='lat'>‚</span> <span class='ocrx_word' id='word_1_269' title='bbox 984 4257 1260 4334; x_wconf 88' lang='lat' dir='ltr'><strong>dicendi</strong></span> <span class='ocrx_word' id='word_1_270' title='bbox 1311 4257 1746 4358; x_wconf 84' lang='lat' dir='ltr'><strong>docendique</strong></span> <span class='ocrx_word' id='word_1_271' title='bbox 1797 4257 2170 4334; x_wconf 88' lang='lat' dir='ltr'><strong>methodus</strong></span> <span class='ocrx_word' id='word_1_272' title='bbox 2209 4265 2376 4334; x_wconf 83' lang='lat' dir='ltr'><strong>sunt</strong></span> <span class='ocrx_word' id='word_1_273' title='bbox 2417 4259 2849 4350; x_wconf 70' lang='lat' dir='ltr'><strong>attendenda,</strong></span> <span class='ocrx_word' id='word_1_274' title='bbox 2887 4261 3500 4360; x_wconf 88' lang='lat' dir='ltr'><strong>efficiendumque‚</strong></span> <span class='ocrx_word' id='word_1_275' title='bbox 3542 4269 3627 4334; x_wconf 89' lang='lat' dir='ltr'><strong>ut</strong></span> 
     </span>
     <span class='ocr_line' id='line_1_30' title="bbox 586 4377 3623 4480; baseline 0 -26"><span class='ocrx_word' id='word_1_276' title='bbox 586 4377 892 4456; x_wconf 87' lang='lat' dir='ltr'><strong>oblatam</strong></span> <span class='ocrx_word' id='word_1_277' title='bbox 957 4378 1358 4456; x_wconf 87' lang='lat' dir='ltr'><strong>cathedram</strong></span> <span class='ocrx_word' id='word_1_278' title='bbox 1405 4385 1759 4480; x_wconf 87' lang='lat' dir='ltr'><strong>acceptare</strong></span> <span class='ocrx_word' id='word_1_279' title='bbox 1805 4379 2067 4479; x_wconf 85' lang='lat' dir='ltr'><strong>possit,</strong></span> <span class='ocrx_word' id='word_1_280' title='bbox 2135 4379 2261 4480; x_wconf 89' lang='lat' dir='ltr'><strong>qui</strong></span> <span class='ocrx_word' id='word_1_281' title='bbox 2284 4434 2291 4441; x_wconf 72' lang='lat'><strong>·</strong></span> <span class='ocrx_word' id='word_1_282' title='bbox 2313 4379 2707 4457; x_wconf 87' lang='lat' dir='ltr'><strong>evocandus</strong></span> <span class='ocrx_word' id='word_1_283' title='bbox 2756 4379 3089 4458; x_wconf 88' lang='lat' dir='ltr'><strong>videatur.</strong></span> <span class='ocrx_word' id='word_1_284' title='bbox 3188 4381 3441 4478; x_wconf 87' lang='lat' dir='ltr'><strong>Itaque</strong></span> <span class='ocrx_word' id='word_1_285' title='bbox 3482 4402 3623 4455; x_wconf 91' lang='lat' dir='ltr'><strong>non</strong></span> 
     </span>
     <span class='ocr_line' id='line_1_31' title="bbox 555 4497 3723 4600; baseline -0.001 -26"><span class='ocrx_word' id='word_1_286' title='bbox 555 4497 640 4574; x_wconf 83' lang='lat' dir='ltr'><strong>-ii</strong></span> <span class='ocrx_word' id='word_1_287' title='bbox 684 4522 968 4590; x_wconf 88' lang='lat' dir='ltr'><strong>sumus,</strong></span> <span class='ocrx_word' id='word_1_288' title='bbox 1017 4499 1144 4598; x_wconf 91' lang='lat' dir='ltr'><strong>qui</strong></span> <span class='ocrx_word' id='word_1_289' title='bbox 1194 4498 1326 4574; x_wconf 91' lang='lat' dir='ltr'><strong>hoc</strong></span> <span class='ocrx_word' id='word_1_290' title='bbox 1366 4497 1561 4574; x_wconf 90' lang='lat' dir='ltr'><strong>vobis</strong></span> <span class='ocrx_word' id='word_1_291' title='bbox 1607 4498 1774 4575; x_wconf 88' lang='lat' dir='ltr'><strong>vitio</strong></span> <span class='ocrx_word' id='word_1_292' title='bbox 1825 4507 2216 4590; x_wconf 84' lang='lat' dir='ltr'><strong>vertamus,</strong></span> <span class='ocrx_word' id='word_1_293' title='bbox 2265 4501 2456 4600; x_wconf 89' lang='lat' dir='ltr'><strong>quod</strong></span> <span class='ocrx_word' id='word_1_294' title='bbox 2503 4499 2646 4576; x_wconf 90' lang='lat' dir='ltr'><strong>iam</strong></span> <span class='ocrx_word' id='word_1_295' title='bbox 2686 4524 2811 4600; x_wconf 90' lang='lat' dir='ltr'><strong>per</strong></span> <span class='ocrx_word' id='word_1_296' title='bbox 2856 4525 3118 4576; x_wconf 90' lang='lat' dir='ltr'><strong>annum</strong></span> <span class='ocrx_word' id='word_1_297' title='bbox 3164 4506 3361 4574; x_wconf 86' lang='lat' dir='ltr'><strong>vacat</strong></span> <span class='ocrx_word' id='word_1_298' title='bbox 3398 4497 3623 4574; x_wconf 86' lang='lat' dir='ltr'><strong>litera-</strong></span> <span class='ocrx_word' id='word_1_299' title='bbox 3716 4563 3723 4570; x_wconf 89' lang='lat'><em>.</em></span> 
     </span>
     <span class='ocr_line' id='line_1_32' title="bbox 588 4615 3621 4720; baseline 0 -26"><span class='ocrx_word' id='word_1_300' title='bbox 588 4641 746 4720; x_wconf 82' lang='lat' dir='ltr'><strong>rum</strong></span> <span class='ocrx_word' id='word_1_301' title='bbox 792 4618 1232 4696; x_wconf 86' lang='lat' dir='ltr'><strong>orientalium</strong></span> <span class='ocrx_word' id='word_1_302' title='bbox 1265 4615 1611 4694; x_wconf 89' lang='lat' dir='ltr'><strong>cathedra.</strong></span> <span class='ocrx_word' id='word_1_303' title='bbox 1674 4619 1990 4695; x_wconf 87' lang='lat' dir='ltr'><strong>Gratiam</strong></span> <span class='ocrx_word' id='word_1_304' title='bbox 2017 4625 2250 4694; x_wconf 86' lang='lat' dir='ltr'><strong>tamen</strong></span> <span class='ocrx_word' id='word_1_305' title='bbox 2280 4617 2446 4707; x_wconf 89' lang='lat' dir='ltr'><strong>tibi,</strong></span> <span class='ocrx_word' id='word_1_306' title='bbox 2491 4620 2951 4708; x_wconf 57' lang='lat' dir='ltr'><strong>Romamne,</strong></span> <span class='ocrx_word' id='word_1_307' title='bbox 2998 4616 3306 4716; x_wconf 88' lang='lat' dir='ltr'><strong>tibique,</strong></span> <span class='ocrx_word' id='word_1_308' title='bbox 3336 4619 3621 4708; x_wconf 69' lang='lat' dir='ltr'><strong>Gran,</strong></span> 
     </span>
     <span class='ocr_line' id='line_1_33' title="bbox 587 4735 3625 4839; baseline 0 -25"><span class='ocrx_word' id='word_1_309' title='bbox 587 4737 930 4815; x_wconf 87' lang='lat' dir='ltr'><strong>habemus</strong></span> <span class='ocrx_word' id='word_1_310' title='bbox 974 4761 1188 4839; x_wconf 86' lang='lat' dir='ltr'><strong>quam</strong></span> <span class='ocrx_word' id='word_1_311' title='bbox 1230 4735 1649 4827; x_wconf 87' lang='lat' dir='ltr'><strong>maximam,</strong></span> <span class='ocrx_word' id='word_1_312' title='bbox 1699 4737 1892 4836; x_wconf 91' lang='lat' dir='ltr'><strong>quod</strong></span> <span class='ocrx_word' id='word_1_313' title='bbox 1939 4743 2222 4814; x_wconf 88' lang='lat' dir='ltr'><strong>vacante</strong></span> <span class='ocrx_word' id='word_1_314' title='bbox 2272 4735 2602 4814; x_wconf 88' lang='lat' dir='ltr'><strong>cathedra</strong></span> <span class='ocrx_word' id='word_1_315' title='bbox 2644 4735 2911 4812; x_wconf 83' lang='lat' dir='ltr'><strong>scholas</strong></span> <span class='ocrx_word' id='word_1_316' title='bbox 2954 4735 3107 4813; x_wconf 86' lang='lat' dir='ltr'><strong>illas</strong></span> <span class='ocrx_word' id='word_1_317' title='bbox 3156 4761 3392 4814; x_wconf 89' lang='lat' dir='ltr'><strong>vacare</strong></span> <span class='ocrx_word' id='word_1_318' title='bbox 3438 4738 3625 4839; x_wconf 86' lang='lat' dir='ltr'><strong>passi</strong></span> 
     </span>
     <span class='ocr_line' id='line_1_34' title="bbox 508 4854 3687 4959; baseline 0 -27"><span class='ocrx_word' id='word_1_319' title='bbox 508 4886 518 4897; x_wconf 95' lang='lat'><em>·</em></span> <span class='ocrx_word' id='word_1_320' title='bbox 587 4878 728 4936; x_wconf 89' lang='lat' dir='ltr'><strong>non</strong></span> <span class='ocrx_word' id='word_1_321' title='bbox 773 4857 966 4935; x_wconf 82' lang='lat' dir='ltr'><strong>sitis!</strong></span> <span class='ocrx_word' id='word_1_322' title='bbox 1025 4899 1130 4920; x_wconf 87' lang='lat'><strong>--</strong></span> <span class='ocrx_word' id='word_1_323' title='bbox 1173 4857 1394 4936; x_wconf 89' lang='lat' dir='ltr'><strong>Lente</strong></span> <span class='ocrx_word' id='word_1_324' title='bbox 1440 4856 1658 4959; x_wconf 82' lang='lat' dir='ltr'><strong>igitur</strong></span> <span class='ocrx_word' id='word_1_325' title='bbox 1697 4856 1774 4934; x_wconf 92' lang='lat' dir='ltr'><strong>in</strong></span> <span class='ocrx_word' id='word_1_326' title='bbox 1820 4854 1930 4934; x_wconf 88' lang='lat' dir='ltr'><strong>his</strong></span> <span class='ocrx_word' id='word_1_327' title='bbox 1975 4863 2084 4934; x_wconf 83' lang='lat' dir='ltr'><strong>est</strong></span> <span class='ocrx_word' id='word_1_328' title='bbox 2130 4855 2651 4952; x_wconf 84' lang='lat' dir='ltr'><strong>festinandum,</strong></span> <span class='ocrx_word' id='word_1_329' title='bbox 2704 4856 3178 4942; x_wconf 83' lang='lat' dir='ltr'><strong>festinandum</strong></span> <span class='ocrx_word' id='word_1_330' title='bbox 3228 4867 3504 4950; x_wconf 87' lang='lat' dir='ltr'><strong>tamen,</strong></span> <span class='ocrx_word' id='word_1_331' title='bbox 3552 4868 3624 4934; x_wconf 87' lang='lat' dir='ltr'><strong>et</strong></span> <span class='ocrx_word' id='word_1_332' title='bbox 3684 4911 3687 4916; x_wconf 90' lang='lat'>-</span> 
     </span>
     <span class='ocr_line' id='line_1_35' title="bbox 3046 4982 3142 5053; baseline 0.021 -2"><span class='ocrx_word' id='word_1_333' title='bbox 3046 4982 3142 5053; x_wconf 86' lang='lat'><strong>14</strong></span> 
     </span>
    </p>
   </div>
  </div>
 </body>
</html>
