4934 6184
1509 707 1898 778 SERIES
1963 707 2618 778 LECTIONUM.
3448 711 3575 778 141

1671 1035 1763 1111 ad
1815 1037 2288 1138 occupandam
2343 1043 2702 1112 vacantem
2758 1037 3157 1115 cathedram
3212 1062 3376 1114 mox
3394 1096 3415 1128 ,
3474 1039 3581 1114 uti

1673 1179 2030 1257 speramus
2047 1216 2067 1246 ,
2118 1157 2496 1233 vocabitur.

649 1281 1143 1378 Antiquitatem
1206 1282 1535 1354 Graecam
1597 1279 1668 1352 S.
1717 1277 2077 1353 KAns‘rnn
2095 1335 2117 1367 ,
2168 1276 2416 1353 diebus
2470 1277 2678 1352 lunae
2719 1265 2795 1352 et
2838 1277 3101 1352 veneris
3122 1336 3142 1366 ,
3192 1277 3361 1354 hora
3406 1276 3583 1354 XII.

651 1398 932 1472 Literas
981 1397 1405 1486 Hem-aiom,
1467 1405 1752 1474 vacante
1793 1397 2158 1487 cathedra,
2208 1397 2436 1472 tradet
2487 1397 2571 1472 B.
2616 1398 2675 1472 I.
2723 1397 2805 1472 L.
2858 1421 2955 1472 mi
2996 1397 3249 1486 Gaza,
3308 1398 3422 1472 die
3475 1397 3580 1472 lu-

552 1539 721 1602 nae,
772 1516 940 1592 hora
982 1518 1060 1604 I,
1110 1517 1359 1592 diebus
1407 1517 1648 1593 martis
1697 1524 1769 1592 et
1813 1519 2109 1605 veneris,
2158 1517 2326 1593 hora
2369 1518 2491 1605 ΙΙ,
2539 1517 2654 1591 die
2698 1515 2907 1604 iovis,
2957 1516 3123 1592 hora
3170 1516 3341 1594 XII.

657 1637 1150 1734 Antiquitatem
1209 1635 1658 1725 Hebraicam,
1723 1647 2010 1712 vacante
2063 1637 2427 1724 cathedra,
2492 1637 2577 1712 Β.
2639 1637 2699 1710 Ι.
2747 1633 2835 1712 L.
2886 1658 2984 1710 nn
3037 1636 3282 1726 Gmm,
3337 1636 3584 1716 diebus

555 1755 802 1842 lunae,
852 1755 1130 1843 martis,
1181 1755 1498 1832 mercurii
1544 1764 1648 1841 et
1667 1756 1879 1844 ἰονίε,
1928 1756 2094 1831 hora
2139 1755 2277 1832 IX.

654 1875 1100 1950 Literaturae
1148 1879 1490 1952 Arabicae
1532 1883 1743 1977 atque
1791 1876 2106 1952 universe
2166 1876 2545 1952 orientalis
2583 1875 2783 1950 initia
2803 1933 2823 1963 ,
2876 1883 3157 1951 vacante
3214 1875 3541 1952 cathedra
3561 1936 3581 1966 ,

557 1992 786 2067 tradet
833 1993 929 2068 H.
984 1994 1343 2084 Bonum,
1394 1997 1509 2072 die
1553 1998 1876 2072 mercurii
1894 2055 1914 2085 ,
1965 1975 2154 2071 hora
2177 1994 2292 2069 IX
2337 1995 2555 2070 aliave
2602 1995 3083 2072 commodiore.
3134 2079 3144 2088 .
3454 2065 3462 2075 .

653 2112 936 2186 Literas
945 2115 1268 2214 Belgicus
1293 2123 1365 2189 et
1385 2115 1776 2191 Literarum
1794 2119 2231 2216 Belyicarum
2253 2113 2643 2190 Historiam
2658 2122 2955 2213 exponet
2976 2115 3059 2188 L.
3086 2113 3551 2190 G.V1ssonna
3564 2174 3585 2204 ‚

561 2229 808 2306 diebus
853 2229 1098 2320 lunae,
1147 2233 1421 2322 martis,
1471 2236 1737 2310 veneris
1785 2244 1858 2310 et
1905 2234 2208 2321 saturni,
2259 2234 2426 2308 hora
2478 2233 2571 2308 X.

661 2349 1048 2453 Praecepta
1113 2355 1261 2427 stili
1315 2355 1478 2430 bene
1543 2356 1818 2456 Belqici
1869 2356 1950 2430 L.
2015 2357 2102 2431 G.
2158 2354 2536 2429 V1ssonna
2559 2412 2580 2443 ,
2644 2352 2893 2427 diebus
2937 2353 3143 2428 lunae
3161 2412 3183 2444 ,
3234 2355 3475 2431 martis
3522 2361 3593 2430 et

565 2470 872 2558 saturni,
923 2471 1092 2546 hora
1139 2473 1238 2548 II.

658 2589 1048 2668 Historiam
1107 2595 1411 2692 ⁸quintium
1483 2581 1915 2696 antiquaram
1986 2592 2331 2671 enarrabit
2395 2594 2466 2668 S.
2535 2593 2929 2681 KAnsrnN,
3004 2593 3253 2668 diebus
3316 2594 3594 2684 martis,

557 2709 887 2784 mercurii
933 2717 1007 2786 et
1054 2711 1228 2787 iovis
1247 2771 1267 2800 ‚
1315 2713 1485 2789 hora
1531 2715 1704 2790 XII.

661 2831 1049 2906 Historiam
1103 2835 1310 2936 medii
1370 2838 1524 2910 aevi
1586 2841 1660 2910 et
1713 2834 2152 2908 recentiorum
2216 2840 2579 2930 temporum
2638 2832 2699 2907 Ι.
2756 2817 3255 2906 Acnnsmc‘x
3276 2891 3297 2921 ,
3346 2831 3595 2908 diebus

564 2950 887 3024 mercurii
935 2959 1006 3025 et
1054 2953 1363 3043 veneris,
1412 2953 1582 3030 hora
1625 2954 1688 3030 I.

665 3071 1050 3146 Historiam
1091 3071 1389 3148 Patriae
1434 3075 1518 3148 L.
1560 3075 1650 3149 G.
1687 3073 2103 3160 V1sscnnn,
2149 3072 2264 3147 die
2317 3073 2563 3160 lunae,
2616 3069 2786 3146 hora
2840 3071 2993 3160 XI,
3043 3069 3289 3146 diebus
3354 3071 3594 3146 martis

565 3195 638 3262 et
684 3188 895 3276 ioviS,
945 3189 1111 3266 hora
1155 3189 1344 3278 XII,
1393 3189 1538 3267 die
1557 3169 1864 3278 saturni,
1915 3190 2082 3265 hora
2125 3190 2188 3264 I.

657 3308 1144 3382 Institutiones
1167 3297 1674 3410 paedqqofflcas
1698 3309 1988 3386 habebit
2017 3311 2086 3386 S.
2111 3310 2507 3399 KAas'rnN,
2557 3309 2671 3384 die
2698 3308 3007 3396 saturni,
3059 3309 3227 3384 hora
3248 3309 3362 3384 IX
3390 3321 3463 3384 et
3491 3309 3596 3398 X,

563 3427 813 3527 partim
881 3430 1160 3502 metrica
1221 3428 1665 3528 explicanda,
1731 3430 1985 3529 partim
2045 3429 2465 3505 moderanda
2522 3429 3085 3528 interpretatione
3147 3431 3593 3529 Antholoqiae

569 3550 927 3646 lyricorum
974 3547 1394 3624 Graecorum
1443 3555 1515 3624 et
1565 3551 1954 3624 Satirarum
2001 3547 2298 3624 Horatii.

663 3669 1085 3765 Disputandi
1125 3667 1644 3744 exercitationes
1659 3727 1680 3758 ,
1727 3667 2008 3744 alternis
2035 3667 2591 3743 hebdomadibus
2610 3724 2633 3756 ,
2676 3666 2789 3742 die
2814 3668 3177 3755 mercurii,
3212 3668 3379 3743 hora
3408 3667 3559 3741 XII
3575 3724 3595 3754 ,

565 3787 1030 3862 instituendas
1049 3845 1070 3876 ,
1119 3786 1594 3864 moderabitur
1641 3789 1714 3866 S.
1759 3788 2140 3866 Kansrmz.

663 3909 722 3982 I.
777 3908 858 3982 C.
915 3909 1402 3984 Swreumsnu
1451 3910 1978 3984 Gaonunwoun
1996 3965 2017 3995 ,
2066 3929 2492 4005 quamquam
2534 3905 2624 3980 ob
2671 3913 2969 3982 aetatem
3026 3904 3200 3979 rude
3258 3904 3555 3980 donatus
3573 3962 3593 3991 ,

569 4035 802 4102 tamen
841 4028 1194 4104 studiosae
1235 4027 1628 4105 Literarum
1675 4028 2136 4104 Orientalium
2181 4025 2567 4115 iuventuti,
2630 4024 2863 4124 quoad
2908 4023 3161 4125 poterit
3202 4031 3274 4100 et
3320 4023 3595 4114 licebit,

571 4148 892 4247 prodesse
940 4148 1261 4224 lubenter
1305 4156 1584 4248 paratus
1632 4149 1782 4225 erit.
3096 4175 3103 4182 ·

668 4269 756 4343 A.
809 4291 958 4342 vm
1001 4270 1456 4344 Gounonvna
1473 4328 1494 4359 ,
1533 4293 1958 4369 quamquam
1983 4266 2075 4343 ob
2105 4274 2400 4343 aetatem
2428 4265 3024 4366 septuagenariam
3050 4265 3225 4340 rude
3254 4265 3550 4339 donatus
3574 4321 3595 4352 ,

571 4395 802 4462 tamen
821 4447 842 4476 ,
893 4397 1232 4487 quantum
1277 4413 1402 4487 per
1441 4389 1618 4464 vires
1653 4388 1925 4478 licebit,
1973 4389 2390 4465 Academiae
2418 4386 2688 4462 civibus
2714 4385 3039 4484 prodesse
3068 4393 3439 4458 conaturus
3465 4393 3591 4460 est.

675 4509 764 4582 G.
809 4509 1028 4582 Domi
1070 4510 1382 4584 Snrrrnn
1400 4568 1421 4599 ,
1469 4509 1608 4585 Lit.
1652 4509 1872 4585 Hum.
1921 4509 2206 4596 Lector,
2255 4507 2623 4606 praecipua
2662 4512 2809 4579 tam
2854 4504 3298 4601 antiquarum
3318 4559 3339 4590 ,
3382 4523 3595 4601 quam

569 4630 1030 4706 recentiorum
1079 4629 1392 4728 gentium
1445 4627 1794 4704 Historiae
1841 4628 2026 4703 facta
2071 4649 2384 4702 enarrare
2439 4631 2821 4724 gentesque
2840 4679 2861 4710 ,
2911 4621 3100 4721 quod
3154 4620 3245 4695 ad
3285 4619 3594 4696 culturae

567 4773 978 4849 progressus
1001 4807 1022 4838 ,
1069 4750 1250 4824 inter
1297 4774 1370 4824 se
1411 4771 1804 4848 comparare
1842 4754 2124 4846 perget,
2173 4744 2422 4820 diebus
2467 4742 2789 4818 mercurii
2828 4750 2901 4818 et
2938 4739 3237 4832 saturni,
3288 4743 3453 4818 hora
3480 4741 3593 4817 XI

573 4869 788 4945 aliave
837 4869 1420 4972 commilitonibus
1467 4868 1692 4969 magis
1737 4866 2116 4943 commoda.

647 969 926 1042 Lama
970 927 1266 1044 Datim
1305 975 1519 1069 atque
1570 917 1619 1261 ξ
1671 915 1920 991 diebus
1969 915 2294 1016 horisque
2338 925 2581 1017 postea
2632 916 3019 993 indicandis
3078 916 3392 1007 docebit,
3458 919 3581 1018 qui

649 1091 1140 1189 Antiquitatem
1189 1091 1569 1167 Romanam
