4934 6184
1730 725 1787 790 Ο
1831 728 1889 793 R
1932 725 1987 791 A
2033 726 2282 799 T1„0.
3399 722 3525 789 101

504 936 611 1009 vel
636 935 727 1009 ‘eo
764 934 1081 1034 arguitur
1099 992 1120 1024 ,
1169 932 1361 1032 quod
1396 931 1463 1006 ei
1500 932 1814 1008 sodalitio
1829 991 1850 1023 ,
1900 934 2090 1033 quod
2126 958 2381 1033 magna
2420 941 2616 1033 parte
2654 932 2824 1007 iuris
2865 931 3192 1007 studiosis
3217 938 3486 1007 constat
3500 989 3520 1019 ,

502 1063 770 1152 praeest
832 1055 1235 1155 theologus;
1304 1052 1369 1127 ei
1433 1076 1591 1128 vero
1605 1111 1626 1140 ,
1699 1053 1889 1152 quod
1954 1053 2396 1152 potissimum
2448 1052 2787 1152 theologis
2857 1059 3168 1127 constare
3231 1051 3486 1127 dicitur
3503 1110 3523 1140 ,

498 1183 768 1273 praeest
822 1176 993 1252 iuris
1056 1172 1428 1249 studiosus.
1530 1174 1617 1246 In
1680 1162 1977 1273 politicis
2038 1180 2273 1249 autem
2358 1174 2570 1249 rebus
2634 1172 2693 1247 si
2759 1180 3062 1260 certant,
3127 1178 3393 1247 certant
3447 1172 3521 1261 in

500 1319 581 1367 eo
634 1295 789 1367 utri
843 1294 1063 1394 pluris
1127 1293 1383 1369 faciant
1436 1301 1508 1367 et
1558 1293 1853 1392 patriam
1910 1299 1981 1366 et
2023 1318 2281 1392 regem.
2383 1291 2582 1373 Quid
2629 1291 2845 1391 igitur
2885 1292 3041 1366 est?
3109 1290 3339 1366 Maior
3384 1292 3523 1365 iam

498 1422 606 1486 est
662 1415 1129 1489 studiosorum
1194 1436 1527 1487 numerus
1545 1471 1565 1501 ,
1634 1438 1859 1510 quum
1918 1413 2042 1511 qui
2105 1414 2177 1486 in
2242 1437 2465 1490 unum
2531 1411 2729 1486 facile
2789 1417 3094 1511 cogatur.
3213 1411 3482 1485 Genere
3501 1468 3521 1498 ,

500 1534 753 1607 studiis
771 1592 793 1621 ,
842 1533 1469 1609 necessitudinibus
1509 1532 1759 1607 diversi
1797 1541 1982 1607 sunt.
2054 1532 2375 1631 Quisque
2416 1556 2578 1605 suos
2617 1530 2917 1605 maxime
2964 1530 3219 1604 amicos
3237 1588 3256 1617 ‚
3307 1530 3524 1605 socios

499 1659 571 1724 et
612 1651 881 1725 sodales
921 1661 1236 1753 exoptat,
1268 1678 1487 1752 eoque
1532 1653 1787 1729 arctius
1835 1652 2241 1750 firmiusque
2278 1649 2620 1727 amicitiae
2653 1650 3006 1725 vinculum
3037 1674 3110 1722 se
3139 1656 3524 1724 contractu-

498 1794 655 1843 rum
707 1772 1089 1861 existimat,
1140 1797 1280 1871 quo
1330 1773 1563 1847 minus
1606 1773 1683 1871 id
1729 1773 1820 1848 ad
1859 1797 2101 1847 omnes
2138 1770 2529 1847 academiae
2569 1769 2750 1845 cives
2791 1771 3133 1868 pertinere
3177 1768 3522 1869 intelligit.

500 1889 757 1964 Videor
818 1890 991 1965 mihi
1047 1892 1146 1966 ita
1204 1891 1615 1991 explicuisse
1635 1949 1654 1980 ‚
1713 1890 1903 1989 quod
1964 1914 2103 1964 non
2158 1888 2373 1987 probo
2392 1946 2413 1978 ,
2462 1888 2604 1967 imo.
2647 1912 2805 1962 vero
2859 1887 3049 1986 quod
3091 1886 3530 1961 vehementer

500 2009 941 2107 reprehendo,
1045 2012 1205 2085 Una
1266 2019 1374 2086 est
1436 2010 1693 2085 scilicet
1757 2010 2136 2085 Academia
2198 2016 2452 2084 nostra.
2559 2008 2720 2081 Uno
2767 2007 3040 2081 vinculo
3087 2007 3530 2081 continentur

498 2128 765 2203 diversa
830 2117 1219 2205 studiorum
1284 2153 1557 2229 genera.
1658 2131 1909 2233 Itaque
1978 2131 2118 2204 cari
2172 2131 2323 2204 sint
2392 2127 2636 2216 amici,
2705 2128 2846 2201 cari
2900 2127 3309 2225 propinqui,
3373 2151 3528 2201 cara

498 2272 624 2321 sua
692 2247 945 2347 cuique
1015 2247 1245 2323 studia
1264 2307 1284 2337 ,
1352 2257 1425 2323 at
1495 2274 1737 2324 omnes
1801 2251 2115 2325 omnium
2177 2250 2496 2324 caritates
2558 2248 2975 2335 Academia,
3045 2246 3259 2321 veluti
3319 2246 3532 2321 altera

498 2367 715 2465 patria
735 2425 755 2455 ,
820 2368 1356 2466 complectatur!
1436 2369 1597 2444 Sola
1658 2368 2019 2444 concordia
2076 2376 2310 2443 nostra
2378 2374 2775 2464 vestraque,
2841 2366 3154 2464 generosi
3207 2366 3490 2440 iuvenes
3508 2424 3528 2455 ,

500 2486 737 2561 florere
788 2494 860 2561 et
913 2511 1211 2562 crescere
1265 2496 1563 2586 possunt
1609 2513 1717 2563 res
1758 2491 2065 2563 nostrae!

501 3006 509 3013 ·
600 2968 701 3039 De
749 2962 1015 3039 civibus
1058 2966 1495 3040 Academicis
1538 2966 1795 3043 dicenti
1814 3028 1833 3057 ,
1884 2968 2082 3073 tgg'ste
2121 2968 2494 3067 quotannis
2518 2970 2896 3067 imponitur
2923 2969 3200 3045 Rectori
3230 2970 3532 3043 officium

501 3109 621 3157 eos
691 3084 989 3158 breviter
1076 3086 1698 3175 commemorandi,
1789 3088 1914 3186 qui
1978 3088 2397 3163 Academiae
2473 3088 3014 3189 parentibusque
3099 3097 3536 3189 praematura

470 3211 724 3300 ‘morte
797 3203 1015 3303 erepti
1086 3211 1253 3277 sunt
1308 3204 1511 3280 cives.
1612 3206 1798 3281 Nam
1867 3206 1979 3283 vix
1999 3266 2020 3295 ,
2086 3234 2167 3285 ac
2226 3233 2315 3283 ne
2377 3184 2492 3283 vix
2552 3208 2836 3306 quidem
2891 3233 3116 3284 annus
3168 3210 3532 3308 praeterire

503 3324 715 3412 solet,
785 3324 955 3422 quin
1028 3322 1229 3397 nobis
1294 3322 1627 3423 eripiatur
1682 3352 1866 3401 unus
1928 3335 2002 3401 et
2050 3328 2223 3403 alter
2274 3353 2516 3404 eorum
2535 3387 2556 3417 ,
2618 3330 2742 3427 qui
2805 3330 2878 3404 in
2933 3330 3284 3405 meliorem
3341 3353 3536 3428 spem
3669 3415 3684 3429 ‚

500 3443 701 3530 nobjs
752 3443 899 3518 dati
944 3450 1017 3517 et
1061 3443 1529 3518 commendati
1573 3444 2002 3523 videbantur.
2103 3450 2217 3523 Ita
2254 3472 2368 3523 me
2406 3473 2686 3548 quoque
2723 3450 3018 3526 Rectore
3063 3457 3201 3525 tres
3253 3449 3536 3524 iuvenes

500 3561 893 3649 lectissimi,
942 3560 1153 3637 huius
1199 3562 1615 3639 Academiae
1660 3566 1841 3641 cives
1862 3626 1881 3655 ‚
1934 3567 2119 3642 diem
2185 3569 2511 3645 obierunt
2559 3594 2960 3667 supremum
2981 3629 3002 3658 ,
3052 3595 3348 3669 quorum
3393 3571 3536 3644 duo

505 3682 907 3757 Pmmrrus
964 3681 1346 3768 Wicxna,
1394 3683 1872 3784 Essingensis,
1940 3695 2012 3761 et
2070 3690 2393 3763 IAconus
2450 3689 2994 3764 Runnnxonmo
3015 3746 3036 3775 ,
3097 3689 3534 3763 Amsteloda-

504 3804 761 3876 mensis
781 3862 801 3889 ‚
888 3802 1304 3877 Academiae
1380 3810 1654 3879 nostrae
1734 3806 1993 3879 ostensi
2070 3808 2295 3905 magis
2389 3830 2601 3905 quam
2668 3808 2814 3881 dati
2849 3808 3171 3882 ·fuerunt
3189 3867 3208 3896 ,
3291 3809 3536 3881 tertius

504 3926 923 3996 Gmnnmns
984 3922 1302 4008 RouAa,
1370 3908 1411 3994 e
1468 3948 1649 4022 pago
1715 3925 2198 4014 Amstelveen,
2266 3925 2514 4000 scholis
2577 3926 2828 4000 nostris
2902 3928 3016 4002 vix
3083 3951 3346 4001 annum
3427 3928 3530 4001 in-

502 4041 763 4115 terfuit.
866 4041 1005 4114 Sed
1070 4041 1159 4115 de
1219 4040 1611 4116 Wacxnao
1675 4042 1955 4141 quidem
1977 4100 1999 4132 ,
2072 4042 2421 4143 Theologo
2438 4101 2459 4130 ,
2534 4068 2621 4117 ex
2681 4045 3058 4119 Academia
3125 4046 3536 4144 Erlangensi

504 4160 714 4234 modo
776 4160 915 4233 huc
979 4160 1349 4249 translato,
1418 4186 1639 4261 quum
1719 4162 1862 4238 fato
1923 4163 2209 4237 functus
2278 4170 2422 4252 est,
2481 4170 2602 4251 tu,
2647 4164 3022 4241 clarissime
3071 4138 3367 4240 vrum!
3442 4166 3533 4240 ad

504 4282 717 4355 funus
782 4280 1056 4379 egregie
1104 4288 1175 4355 et
1219 4305 1345 4380 pro
1398 4282 1663 4358 meritis
1703 4281 1952 4387 dixisti
1972 4340 1991 4371 ,
2042 4281 2131 4356 de
2184 4284 2461 4357 Iacoso
2511 4280 3091 4374 Rumrnx'onmo,
3138 4286 3285 4360 cive
3337 4309 3490 4359 meo
3512 4343 3533 4371 ,

504 4399 897 4474 Medicinae
966 4386 1217 4474 st'udiis
1272 4402 1616 4477 destinato
1631 4461 1652 4491 ,
1716 4403 2042 4503 equidem
2090 4403 2537 4479 laetissimam
2585 4428 2780 4503 spem
2822 4429 3264 4503 conceperam
3286 4458 3305 4490 ,
3371 4428 3533 4477 cum

508 4518 679 4593 mihi
699 4578 721 4607 ,
759 4518 1059 4594 nominis
1098 4518 1613 4619 inscriptionem
1662 4532 1907 4621 petens
1928 4579 1948 4610 ,
2000 4523 2277 4623 egregie
2330 4524 2630 4621 placeret
2673 4523 3109 4621 simplicitate
3133 4522 3362 4595 nescio
3393 4547 3532 4621 qua

506 4664 669 4713 cum
730 4639 1087 4714 honestate
1160 4639 1527 4716 coniuncta
1546 4698 1566 4729 ,
1632 4666 1773 4739 qua
1837 4666 1985 4715 sese
2038 4648 2405 4739 paternum
2467 4664 2722 4714 nomen
2776 4648 2848 4714 et
2889 4640 3534 4717 Amstelodamense

504 4758 721 4833 decus
768 4760 841 4833 in·
883 4744 1261 4834 Academia
1287 4783 1437 4833 esse
1462 4760 1807 4835 tuiturum
1835 4758 2303 4857 promittebat.
2366 4762 2852 4851 Gmmnmaum
2884 4757 3184 4859 denique
3218 4761 3494 4837 Roman
3511 4820 3528 4848 ,

508 4878 922 4977 Theologiae
992 4878 1417 4956 destinatum
1435 4939 1456 4973 ‚
1524 4887 1743 4956 mater
1800 4878 2009 4956 vidua
2070 4880 2376 4979 primum
2445 4878 2898 4956 Arnhemiam
2966 4879 3090 4955 ubi
3153 4881 3533 4979 Gymnasio
