4934 6184
1332 683 1462 752 ²46
2329 683 2521 754 vAN
2584 681 3039 754 BONRVAL
3097 682 3421 754 FAURE

1423 891 1572 968 Vos
1620 891 1837 993 igitur
1883 891 2040 968 AA.
2091 891 2308 968 HH.1
2361 887 2842 970 benevolentia
2888 917 2971 970 ac
3012 891 3243 970 favore
3285 913 3401 966 me
3442 891 3961 992 prosequamini
4002 893 4379 974 dicentem:

1325 1013 1412 1089 dc
1457 1037 1616 1089 vero
1675 1011 1985 1086 Codicum
2042 1013 2259 1114 leynam
2309 1013 2603 1088 civilium
2638 1015 2894 1112 pretio.

1419 1131 1533 1206 De
1573 1131 1898 1208 codicum
1941 1131 2178 1234 legum
2219 1131 2523 1210 civilium
2557 1136 2795 1232 pretio
2842 1131 3199 1222 dicturus,
3244 1154 3385 1207 non
3424 1136 3531 1206 est
3574 1079 3883 1232 profecto
3918 1132 4111 1232 quod
4150 1159 4379 1213 verea-

1322 1250 1535 1341 mini,
1593 1275 1683 1326 ne
1735 1275 1976 1328 rursus
2035 1253 2234 1330 vobis
2281 1259 2736 1328 memoratam
2792 1251 2984 1329 illam
3032 1275 3372 1354 exponam
3420 1251 3937 1352 quaestionem,
3982 1277 4160 1330 num
4220 1257 4373 1332 uni-

1321 1395 1514 1446 verse
1591 1371 1918 1472 expediat
1991 1373 2261 1450 codices
2329 1371 2536 1450 condi
2556 1432 2577 1462 ,
2644 1379 2969 1450 nostrane
3040 1373 3212 1450 haec
3282 1378 3473 1450 aetas
3542 1378 3738 1448 tanto
3798 1369 4020 1450 labori
4085 1398 4212 1475 par
4286 1377 4374 1453 sit

1247 1531 1258 1542 ·
1317 1493 1585 1568 necne?
1666 1491 2076 1570 Gaudemus
2121 1493 2358 1594 legum
2401 1493 2637 1570 codice
2652 1551 2675 1584 ,
2723 1493 2868 1569 imo
2915 1501 3230 1570 nostrum
3280 1491 3484 1568 nobis
3524 1483 3884 1594 proprium
3932 1495 4375 1598 patriumque

1315 1611 1610 1712 contigit
1671 1613 2004 1689 conficere
2069 1613 2376 1690 codicem
2397 1674 2418 1704 ,
2490 1615 2821 1714 abrogato
2884 1637 3097 1714 quem
3114 1671 3137 1706 ,
3206 1611 3424 1690 tristis
3480 1613 3661 1690 eheu
3710 1614 4115 1692 memoriae!
4180 1641 4373 1717 pere·

1315 1731 1676 1832 grinorum
1724 1733 1928 1810 nobis
1978 1735 2402 1836 imposuerat
2445 1731 2844 1811 dominatio,

1411 1855 1615 1930 Itane
1669 1855 1906 1954 legum
1951 1855 2272 1930 codicum
2321 1855 2915 1955 qualiumcunque
2956 1853 3244 1930 tandem
3292 1853 3549 1930 exsisto
3595 1863 3929 1956 patronus
3945 1858 3981 1932 Ρ
4078 1856 4371 1935 Minime

1311 1975 1508 2049 vero!
1611 1974 1754 2050 Sed
1803 1974 1997 2051 aliud
2043 1983 2150 2051 est
2195 1975 2283 2051 de
2327 2001 2402 2052 re
2453 1974 2975 2066 constituenda,
3023 1973 3215 2051 aliud
3269 1975 3459 2075 quod
3508 1975 3600 2050 de
3645 1999 3721 2051 re
3770 1977 4148 2054 constituta
4196 1978 4369 2056 fera·

1309 2099 1425 2168 tur
1476 2094 1837 2170 iudicium.
1943 2097 2262 2186 Quodsi,
2325 2097 2451 2172 ubi
2497 2097 2587 2171 de
2642 2121 2717 2171 re
2764 2093 3247 2172 constituenda
3302 2095 3698 2195 quaeritur,
3746 2105 4015 2174 nostras
4072 2098 4369 2199 quisque

1305 2213 1666 2312 sequimur
1725 2223 1956 2313 partes
1977 2271 1996 2304 ,
2071 2217 2402 2292 omnibus
2463 2215 2733 2292 viribus
2796 2239 2951 2292 eam
3014 2223 3533 2314 promoventes,
3602 2215 3663 2292 ai
3705 2217 4091 2317 profutura,
4140 2243 4363 2320 oppu-

1299 2341 1596 2432 gnantes
1615 2393 1636 2424 ,
1707 2335 1768 2409 si
1831 2345 2072 2412 contra
2137 2337 2456 2412 videatur
2502 2383 2605 2400 -
2648 2359 2871 2435 quum
2916 2335 3131 2412 semel
3170 2359 3282 2412 res
3336 2336 3717 2418 constituta
3761 2346 3905 2430 est,
3961 2339 4091 2415 hoc
4130 2340 4363 2440 potius

1297 2454 1615 2529 omnium
1687 2455 1778 2529 sit
1848 2456 2290 2557 propositum
2365 2466 2446 2532 ut
2516 2457 2707 2532 omni
2774 2480 2916 2556 quo
2974 2454 3328 2554 possimus
3400 2457 3637 2534 studio
3704 2481 3861 2536 eam
3924 2459 4230 2536 colamus
4284 2486 4364 2537 ac

1299 2581 1654 2662 tueamur,
1706 2575 1872 2650 vitia
1905 2575 2200 2675 quidem
2242 2577 2432 2656 haud
2472 2577 2933 2666 occultantes,
2975 2599 3217 2652 verum
3256 2601 3341 2652 eo
3376 2575 3663 2656 demum
3702 2579 3989 2656 consilio
4026 2579 4103 2655 in
4145 2580 4365 2658 lucem

1294 2694 1810 2792 protrahentes,
1861 2720 2003 2795 quo
2057 2697 2265 2772 citius
2305 2699 2555 2774 melius
2596 2697 2683 2774 iis
2729 2697 3056 2776 afferatur
3096 2695 3512 2776 remedium.

1395 2813 1782 2892 Quaerenti
1831 2815 2051 2916 igitur
2096 2817 2268 2918 quid
2316 2844 2559 2894 verum
2614 2817 2791 2894 illud
2842 2814 3159 2894 codicum
3206 2816 3445 2916 legum
3504 2813 3811 2894 civilium
3856 2817 4163 2918 pretium
4206 2845 4361 2898 con-

1292 2932 1578 3011 stituere
1639 2935 1958 3014 videatur
1975 2996 1996 3026 ,
2047 2937 2178 3013 hoc
2243 2939 2664 3041 respondeo:
2723 2937 2994 3014 codices
3049 2935 3283 3014 civiles
3302 2995 3323 3026 ,
3368 2959 3533 3012 nam
3574 2937 3666 3012 de
3715 2937 3827 3014 his
3878 2941 4359 3018 tantummodo

1290 3051 1605 3131 dicturus
1681 3081 1835 3132 sum
1859 3115 1880 3146 ,
1957 3057 2320 3134 commoda
2385 3061 2670 3134 omnino
2739 3083 2880 3134 non
2948 3057 3333 3134 attulerunt
3350 3115 3371 3146 ,
3431 3078 3612 3156 quae
3673 3057 4231 3137 desideraverant
4290 3069 4359 3137 et

1289 3183 1850 3275 exspectaverant
1888 3177 2015 3277 qui
2035 3177 2379 3256 codicum
2423 3176 2945 3254 condendorum
2984 3182 3299 3251 auctores
3342 3174 3752 3253 exstiterant
3794 3185 4005 3280 atque
4048 3181 4319 3280 patroni
4334 3241 4355 3273 ,

1283 3290 1726 3371 incommoda
1793 3304 2031 3372 autem
2093 3299 2183 3372 ab
2256 3296 2663 3376 adversariis
2725 3295 3039 3398 praevisa
3102 3319 3359 3395 magna
3416 3319 3503 3370 ex
3549 3303 3746 3396 parte
3790 3323 3919 3398 pro
3970 3301 4351 3378 commodis
4440 3321 4445 3325 ·

1285 3410 1608 3488 habenda
1654 3414 1870 3515 inque
1921 3417 2116 3491 lucro
2157 3417 2487 3515 ponenda
2542 3423 2727 3492 sunt.

1385 3533 1601 3612 Quod
1647 3534 1710 3610 si
1764 3534 1884 3610 cui
1933 3543 2240 3612 vestrum
2303 3537 2861 3638 inexspectatum
2904 3531 3419 3637 quodammodo
3467 3541 3537 3611 et
3570 3535 3823 3614 mirum
3864 3535 4179 3614 videatur
4197 3596 4220 3629 ,
4250 3541 4343 3616 de

1281 3653 1494 3754 priori
1545 3653 1832 3755 quidem
1883 3655 2130 3748 effato,
2192 3657 2306 3732 vix
2367 3658 2619 3734 dubito
2665 3657 2821 3735 ΛΑ.
2844 3717 2865 3749 ,
2922 3657 3093 3757 quin
3148 3657 3655 3733 adsentientem
3714 3677 3859 3732 non
3898 3655 4232 3749 habeam,
4280 3661 4343 3736 si

1281 3775 1518 3873 paullo
1577 3775 1966 3853 accuratius
2014 3801 2291 3854 mecum
2334 3777 2805 3880 inquisiverit,
2852 3781 3153 3878 primum
3199 3777 3273 3853 in
3318 3803 3607 3868 causas,
3600 3788 3619 3806 ⁶
3660 3801 3787 3856 cur
3830 3777 4097 3854 codices
4140 3803 4339 3881 expe-

1279 3895 1394 3970 titi
1448 3894 1750 3988 fuerint,
1819 3901 2064 3976 deinde
2142 3899 2217 3974 in
2295 3899 2689 3999 systematis
2757 3908 3119 3974 auctorum
3186 3897 3295 3974 vel
3358 3905 3808 3998 patronorum
3874 3899 4339 4000 propositum,

1279 4015 1622 4116 denique
1633 4017 1708 4092 in
1772 4017 2083 4118 ipsorum
2147 4019 2506 4134 codicum,
2576 4019 2835 4120 quibus
2898 4019 3202 4109 utimur,
3272 4017 3609 4095 rationem
3682 4027 4135 4121 mentemque
4200 4046 4335 4122 qua

1279 4133 1542 4210 conditi
1591 4136 1872 4215 fuerint.

1377 4255 1490 4331 De
1547 4259 1777 4334 causis
1837 4258 2020 4334 inter
2075 4283 2319 4336 omnes
2382 4283 2523 4334 non
2590 4265 2881 4335 constat.
3000 4259 3274 4336 Scilicet
3334 4259 3547 4336 etiam
3620 4259 3711 4334 'de
3776 4259 3885 4336 his
3942 4259 4127 4336 inter
4184 4285 4329 4338 sese

1277 4373 1650 4454 dissentire
1703 4379 2028 4456 videntur
2078 4379 2206 4456 viri
2261 4379 2492 4469 docti,
2541 4379 2774 4480 prouti
2832 4379 3070 4480 legum
3114 4377 3471 4456 codicibus
3521 4378 3699 4480 ipsis
3744 4379 3967 4480 magis
4010 4381 4326 4459 minusve

1278 4495 1514 4573 favent
1562 4500 1672 4576 vel
1717 4502 2186 4578 adversantur.
2289 4499 2473 4575 Sunt
2520 4507 2755 4576 autem
2807 4499 2931 4601 qui
2982 4507 3283 4600 quatuor
3339 4499 3683 4601 imprimis
3738 4501 4058 4578 codicum
4116 4504 4325 4580 confi·

1273 4615 1676 4695 ciendorum
1737 4647 1980 4698 causas
2039 4630 2461 4711 memorent,
2513 4621 2885 4698 nimirum:
2936 4619 3357 4721 principium
3416 4645 3505 4697 ex
3548 4645 3693 4720 quo
3740 4643 4065 4698 summus
4104 4623 4319 4723 impe·

1272 4758 1434 4810 rans
1473 4739 1579 4814 vel
1625 4739 1686 4814 is
1735 4765 1948 4841 penes
1994 4767 2206 4842 quem
2245 4743 2482 4843 legum
2533 4739 2978 4818 ferendarum
3022 4748 3336 4841 potestas
3376 4749 3483 4817 est
3498 4799 3521 4832 ,
3558 4741 3811 4818 unicus
3842 4741 4015 4818 iuris
4046 4751 4313 4830 auctor,

1271 4851 1384 4930 lex
1453 4857 1700 4936 unicus
1767 4861 1940 4938 iuris
2007 4862 2164 4940 fons
2231 4863 2698 4954 existimatur3
2766 4861 3225 4938 desideratam
3302 4859 3523 4940 totius
3588 4862 3887 4939 civitatis
3944 4863 4315 4952 unitatom;
