<?xml version="1.0" encoding="UTF-8"?>
<!DOCTYPE html PUBLIC "-//W3C//DTD XHTML 1.0 Transitional//EN"
    "http://www.w3.org/TR/xhtml1/DTD/xhtml1-transitional.dtd">
<html xmlns="http://www.w3.org/1999/xhtml" xml:lang="en" lang="en">
 <head>
  <title>
</title>
<meta http-equiv="Content-Type" content="text/html;charset=utf-8" />
  <meta name='ocr-system' content='tesseract 3.04.00' />
  <meta name='ocr-capabilities' content='ocr_page ocr_carea ocr_par ocr_line ocrx_word'/>
</head>
<body>
  <div class='ocr_page' id='page_1' title='image "annalesacademic37unkngoog_0257.png"; bbox 0 0 4934 6184; ppageno 0'>
   <div class='ocr_carea' id='block_1_1' title="bbox 1835 651 3658 764">
    <p class='ocr_par' dir='ltr' id='par_1_1' title="bbox 1835 651 3658 764">
     <span class='ocr_line' id='line_1_1' title="bbox 1835 651 3658 764; baseline -0.003 -1"><span class='ocrx_word' id='word_1_1' title='bbox 1835 694 2400 764; x_wconf 73' lang='lat' dir='ltr'><strong>onAr10.</strong></span> <span class='ocrx_word' id='word_1_2' title='bbox 3525 651 3658 764; x_wconf 56' lang='lat'><strong>247‘</strong></span> 
     </span>
    </p>
   </div>
   <div class='ocr_carea' id='block_1_2' title="bbox 547 899 3655 4952">
    <p class='ocr_par' dir='ltr' id='par_1_2' title="bbox 595 899 3651 1225">
     <span class='ocr_line' id='line_1_2' title="bbox 603 899 3649 1010; baseline -0.002 -27"><span class='ocrx_word' id='word_1_3' title='bbox 603 907 948 1010; x_wconf 85' lang='lat' dir='ltr'><strong>principes</strong></span> <span class='ocrx_word' id='word_1_4' title='bbox 1004 907 1258 1009; x_wconf 82' lang='lat' dir='ltr'><strong>-legum</strong></span> <span class='ocrx_word' id='word_1_5' title='bbox 1317 903 1758 1010; x_wconf 81' lang='lat' dir='ltr'><strong>ferendarum</strong></span> <span class='ocrx_word' id='word_1_6' title='bbox 1817 903 2076 1006; x_wconf 84' lang='lat' dir='ltr'><strong>gloriae</strong></span> <span class='ocrx_word' id='word_1_7' title='bbox 2141 899 2473 1002; x_wconf 83' lang='lat' dir='ltr'><strong>cupidos3</strong></span> <span class='ocrx_word' id='word_1_8' title='bbox 2534 899 2835 1000; x_wconf 90' lang='lat' dir='ltr'><strong>denique</strong></span> <span class='ocrx_word' id='word_1_9' title='bbox 2896 901 3259 978; x_wconf 85' lang='lat' dir='ltr'><strong>hominum</strong></span> <span class='ocrx_word' id='word_1_10' title='bbox 3304 899 3399 976; x_wconf 85' lang='lat' dir='ltr'><strong>ad</strong></span> <span class='ocrx_word' id='word_1_11' title='bbox 3440 923 3649 1000; x_wconf 86' lang='lat' dir='ltr'><strong>gene·</strong></span> 
     </span>
     <span class='ocr_line' id='line_1_3' title="bbox 597 1021 3651 1127; baseline -0.001 -23"><span class='ocrx_word' id='word_1_12' title='bbox 597 1027 770 1104; x_wconf 86' lang='lat' dir='ltr'><strong>ralia</strong></span> <span class='ocrx_word' id='word_1_13' title='bbox 833 1027 1290 1127; x_wconf 87' lang='lat' dir='ltr'><strong>omniumque</strong></span> <span class='ocrx_word' id='word_1_14' title='bbox 1346 1025 1712 1102; x_wconf 86' lang='lat' dir='ltr'><strong>hominum</strong></span> <span class='ocrx_word' id='word_1_15' title='bbox 1773 1023 2172 1102; x_wconf 88' lang='lat' dir='ltr'><strong>communia</strong></span> <span class='ocrx_word' id='word_1_16' title='bbox 2229 1021 2404 1098; x_wconf 86' lang='grc'><strong>111118</strong></span> <span class='ocrx_word' id='word_1_17' title='bbox 2447 1022 2783 1098; x_wconf 84' lang='grc'><strong>8811118118</strong></span> <span class='ocrx_word' id='word_1_18' title='bbox 2826 1031 3191 1123; x_wconf 84' lang='lat' dir='ltr'><strong>praecepta</strong></span> <span class='ocrx_word' id='word_1_19' title='bbox 3236 1045 3651 1123; x_wconf 76' lang='lat' dir='ltr'><strong>propensam</strong></span> 
     </span>
     <span class='ocr_line' id='line_1_4' title="bbox 595 1149 1046 1226; baseline 0 -2"><span class='ocrx_word' id='word_1_20' title='bbox 595 1149 1046 1226; x_wconf 80' lang='lat' dir='ltr'><strong>voluntatem.</strong></span> 
     </span>
    </p>

    <p class='ocr_par' dir='ltr' id='par_1_3' title="bbox 583 1261 3655 2922">
     <span class='ocr_line' id='line_1_5' title="bbox 693 1261 3655 1370; baseline -0.002 -25"><span class='ocrx_word' id='word_1_21' title='bbox 693 1268 915 1345; x_wconf 88' lang='lat' dir='ltr'><strong>Haud</strong></span> <span class='ocrx_word' id='word_1_22' title='bbox 965 1268 1250 1370; x_wconf 90' lang='lat' dir='ltr'><strong>quidem</strong></span> <span class='ocrx_word' id='word_1_23' title='bbox 1299 1273 1408 1344; x_wconf 88' lang='lat' dir='ltr'><strong>est</strong></span> <span class='ocrx_word' id='word_1_24' title='bbox 1451 1267 1641 1368; x_wconf 88' lang='lat' dir='ltr'><strong>quod</strong></span> <span class='ocrx_word' id='word_1_25' title='bbox 1683 1289 1933 1366; x_wconf 80' lang='lat' dir='ltr'>negem</span> <span class='ocrx_word' id='word_1_26' title='bbox 1991 1287 2234 1340; x_wconf 89' lang='lat' dir='ltr'><strong>omnes</strong></span> <span class='ocrx_word' id='word_1_27' title='bbox 2273 1262 2430 1338; x_wconf 82' lang='lat' dir='ltr'><strong>illas</strong></span> <span class='ocrx_word' id='word_1_28' title='bbox 2469 1285 2716 1338; x_wconf 87' lang='lat' dir='ltr'><strong>causas</strong></span> <span class='ocrx_word' id='word_1_29' title='bbox 2754 1261 2849 1338; x_wconf 85' lang='lat' dir='ltr'><strong>ad</strong></span> <span class='ocrx_word' id='word_1_30' title='bbox 2886 1261 3157 1338; x_wconf 88' lang='lat' dir='ltr'><strong>codices</strong></span> <span class='ocrx_word' id='word_1_31' title='bbox 3192 1261 3655 1340; x_wconf 84' lang='lat' dir='ltr'><strong>conficiendos</strong></span> 
     </span>
     <span class='ocr_line' id='line_1_6' title="bbox 594 1379 3652 1522; baseline -0.002 -58"><span class='ocrx_word' id='word_1_32' title='bbox 594 1388 926 1478; x_wconf 87' lang='lat' dir='ltr'><strong>valuisse,</strong></span> <span class='ocrx_word' id='word_1_33' title='bbox 995 1387 1452 1488; x_wconf 88' lang='lat' dir='ltr'><strong>codicumque</strong></span> <span class='ocrx_word' id='word_1_34' title='bbox 1538 1394 1866 1522; x_wconf 79' lang='lat' dir='ltr'><strong>patronos</strong></span> <span class='ocrx_word' id='word_1_35' title='bbox 1933 1385 2054 1460; x_wconf 86' lang='grc'><strong>1118</strong></span> <span class='ocrx_word' id='word_1_36' title='bbox 2117 1381 2456 1484; x_wconf 82' lang='lat' dir='ltr'><strong>principia</strong></span> <span class='ocrx_word' id='word_1_37' title='bbox 2518 1379 2734 1456; x_wconf 83' lang='lat' dir='ltr'><strong>fuisse</strong></span> <span class='ocrx_word' id='word_1_38' title='bbox 2801 1381 3182 1482; x_wconf 82' lang='lat' dir='ltr'><strong>professos,</strong></span> <span class='ocrx_word' id='word_1_39' title='bbox 3250 1391 3327 1458; x_wconf 84' lang='lat' dir='ltr'><strong>at</strong></span> <span class='ocrx_word' id='word_1_40' title='bbox 3388 1383 3503 1458; x_wconf 87' lang='lat' dir='ltr'><strong>vel</strong></span> <span class='ocrx_word' id='word_1_41' title='bbox 3552 1383 3652 1460; x_wconf 89' lang='lat' dir='ltr'><strong>sic</strong></span> 
     </span>
     <span class='ocr_line' id='line_1_7' title="bbox 597 1479 3651 1639; baseline -0.002 -53"><span class='ocrx_word' id='word_1_42' title='bbox 597 1518 830 1586; x_wconf 88' lang='lat' dir='ltr'><strong>tamen</strong></span> <span class='ocrx_word' id='word_1_43' title='bbox 907 1510 1336 1586; x_wconf 77' lang='lat' dir='ltr'><strong>occasionem</strong></span> <span class='ocrx_word' id='word_1_44' title='bbox 1405 1507 1642 1608; x_wconf 82' lang='lat' dir='ltr'><strong>potius</strong></span> <span class='ocrx_word' id='word_1_45' title='bbox 1712 1506 1884 1606; x_wconf 89' lang='lat' dir='ltr'><strong>ipsis</strong></span> <span class='ocrx_word' id='word_1_46' title='bbox 1961 1513 2177 1604; x_wconf 87' lang='lat' dir='ltr'><strong>atque</strong></span> <span class='ocrx_word' id='word_1_47' title='bbox 2253 1503 2845 1639; x_wconf 75' lang='lat' dir='ltr'><strong>opportunitatem</strong></span> <span class='ocrx_word' id='word_1_48' title='bbox 2924 1479 3359 1602; x_wconf 73' lang='lat' dir='ltr'><strong>praebuisse,</strong></span> <span class='ocrx_word' id='word_1_49' title='bbox 3438 1527 3651 1604; x_wconf 88' lang='lat' dir='ltr'><strong>quam</strong></span> 
     </span>
     <span class='ocr_line' id='line_1_8' title="bbox 593 1624 3651 1724; baseline -0.001 -19"><span class='ocrx_word' id='word_1_50' title='bbox 593 1653 788 1706; x_wconf 84' lang='lat' dir='ltr'><strong>veras</strong></span> <span class='ocrx_word' id='word_1_51' title='bbox 857 1654 1103 1707; x_wconf 89' lang='lat' dir='ltr'><strong>causas</strong></span> <span class='ocrx_word' id='word_1_52' title='bbox 1171 1628 1527 1704; x_wconf 78' lang='lat' dir='ltr'><strong>exstitisse</strong></span> <span class='ocrx_word' id='word_1_53' title='bbox 1609 1626 1973 1702; x_wconf 88' lang='lat' dir='ltr'><strong>contendo.</strong></span> <span class='ocrx_word' id='word_1_54' title='bbox 2111 1627 2404 1723; x_wconf 87' lang='lat' dir='ltr'><strong>Itaque,</strong></span> <span class='ocrx_word' id='word_1_55' title='bbox 2486 1624 2547 1698; x_wconf 87' lang='lat' dir='ltr'><strong>si</strong></span> <span class='ocrx_word' id='word_1_56' title='bbox 2627 1624 2871 1724; x_wconf 88' lang='lat' dir='ltr'><strong>procul</strong></span> <span class='ocrx_word' id='word_1_57' title='bbox 2936 1624 3153 1700; x_wconf 91' lang='lat' dir='ltr'><strong>dubio</strong></span> <span class='ocrx_word' id='word_1_58' title='bbox 3222 1626 3651 1702; x_wconf 76' lang='lat' dir='ltr'><strong>Fannnmco</strong></span> 
     </span>
     <span class='ocr_line' id='line_1_9' title="bbox 593 1744 3651 1851; baseline -0 -26"><span class='ocrx_word' id='word_1_59' title='bbox 593 1749 862 1851; x_wconf 89' lang='lat' dir='ltr'><strong>Magno</strong></span> <span class='ocrx_word' id='word_1_60' title='bbox 909 1749 1017 1824; x_wconf 89' lang='lat' dir='ltr'><strong>vel</strong></span> <span class='ocrx_word' id='word_1_61' title='bbox 1057 1747 1282 1848; x_wconf 91' lang='lat' dir='ltr'><strong>primo</strong></span> <span class='ocrx_word' id='word_1_62' title='bbox 1322 1749 1764 1824; x_wconf 54' lang='lat' dir='ltr'><strong>Naronem</strong></span> <span class='ocrx_word' id='word_1_63' title='bbox 1799 1747 2106 1848; x_wconf 78' lang='lat' dir='ltr'><strong>placuit,</strong></span> <span class='ocrx_word' id='word_1_64' title='bbox 2153 1744 2589 1846; x_wconf 85' lang='lat' dir='ltr'><strong>imperatoris</strong></span> <span class='ocrx_word' id='word_1_65' title='bbox 2624 1745 2674 1818; x_wconf 84' lang='lat' dir='ltr'><strong>J</strong></span> <span class='ocrx_word' id='word_1_66' title='bbox 2678 1767 3054 1821; x_wconf 72' lang='lat' dir='ltr'><strong>varmum</strong></span> <span class='ocrx_word' id='word_1_67' title='bbox 3094 1747 3411 1848; x_wconf 84' lang='lat' dir='ltr'><strong>exemplo</strong></span> <span class='ocrx_word' id='word_1_68' title='bbox 3458 1777 3495 1817; x_wconf 74' lang='lat' dir='ltr'><strong>a</strong></span> <span class='ocrx_word' id='word_1_69' title='bbox 3518 1748 3651 1824; x_wconf 89' lang='lat' dir='ltr'><strong>sub</strong></span> 
     </span>
     <span class='ocr_line' id='line_1_10' title="bbox 590 1845 3653 1966; baseline -0.001 -22"><span class='ocrx_word' id='word_1_70' title='bbox 590 1869 772 1945; x_wconf 77' lang='lat' dir='ltr'><strong>felici</strong></span> <span class='ocrx_word' id='word_1_71' title='bbox 822 1867 1124 1944; x_wconf 89' lang='lat' dir='ltr'><strong>nominis</strong></span> <span class='ocrx_word' id='word_1_72' title='bbox 1182 1868 1516 1944; x_wconf 86' lang='lat' dir='ltr'><strong>vocabulo</strong></span> <span class='ocrx_word' id='word_1_73' title='bbox 1575 1891 1834 1944; x_wconf 88' lang='lat' dir='ltr'><strong>novum</strong></span> <span class='ocrx_word' id='word_1_74' title='bbox 1889 1845 2202 1944; x_wconf 78' lang='lat' dir='ltr'><strong>codicem</strong></span> <span class='ocrx_word' id='word_1_75' title='bbox 2261 1889 2675 1966; x_wconf 88' lang='lat' dir='ltr'><strong>componere</strong></span> <span class='ocrx_word' id='word_1_76' title='bbox 2696 1867 2741 1896; x_wconf 91' lang='lat'><strong>’&#39;</strong></span> <span class='ocrx_word' id='word_1_77' title='bbox 2803 1889 2947 1940; x_wconf 90' lang='lat' dir='ltr'><strong>non</strong></span> <span class='ocrx_word' id='word_1_78' title='bbox 2998 1873 3233 1941; x_wconf 88' lang='lat' dir='ltr'><strong>tamen</strong></span> <span class='ocrx_word' id='word_1_79' title='bbox 3284 1890 3401 1941; x_wconf 88' lang='grc'><strong>808</strong></span> <span class='ocrx_word' id='word_1_80' title='bbox 3446 1866 3653 1942; x_wconf 86' lang='lat' dir='ltr'><strong>latuit</strong></span> 
     </span>
     <span class='ocr_line' id='line_1_11' title="bbox 589 1979 3653 2091; baseline 0 -27"><span class='ocrx_word' id='word_1_81' title='bbox 589 1990 790 2064; x_wconf 91' lang='lat' dir='ltr'><strong>illum</strong></span> <span class='ocrx_word' id='word_1_82' title='bbox 827 1989 1115 2064; x_wconf 86' lang='lat' dir='ltr'><strong>demum</strong></span> <span class='ocrx_word' id='word_1_83' title='bbox 1155 1989 1485 2091; x_wconf 84' lang='lat' dir='ltr'><strong>sapientis</strong></span> <span class='ocrx_word' id='word_1_84' title='bbox 1534 1987 1946 2088; x_wconf 83' lang='lat' dir='ltr'><strong>legislatoris</strong></span> <span class='ocrx_word' id='word_1_85' title='bbox 1995 1987 2236 2064; x_wconf 86' lang='lat' dir='ltr'><strong>laudes</strong></span> <span class='ocrx_word' id='word_1_86' title='bbox 2283 1987 2695 2062; x_wconf 88' lang='lat' dir='ltr'><strong>meriturum</strong></span> <span class='ocrx_word' id='word_1_87' title='bbox 2710 2044 2732 2075; x_wconf 96' lang='lat'><strong>,</strong></span> <span class='ocrx_word' id='word_1_88' title='bbox 2772 1979 2897 2086; x_wconf 74' lang='lat' dir='ltr'><strong>qui</strong></span> <span class='ocrx_word' id='word_1_89' title='bbox 2934 1986 3351 2062; x_wconf 86' lang='lat' dir='ltr'><strong>necessarias</strong></span> <span class='ocrx_word' id='word_1_90' title='bbox 3380 1986 3653 2087; x_wconf 75' lang='lat' dir='ltr'><strong>ipsique</strong></span> 
     </span>
     <span class='ocr_line' id='line_1_12' title="bbox 590 2104 3653 2210; baseline -0.001 -24"><span class='ocrx_word' id='word_1_91' title='bbox 590 2110 849 2210; x_wconf 91' lang='lat' dir='ltr'><strong>populo</strong></span> <span class='ocrx_word' id='word_1_92' title='bbox 897 2117 1256 2210; x_wconf 84' lang='lat' dir='ltr'><strong>exoptatas</strong></span> <span class='ocrx_word' id='word_1_93' title='bbox 1293 2111 1482 2210; x_wconf 88' lang='lat' dir='ltr'><strong>leges</strong></span> <span class='ocrx_word' id='word_1_94' title='bbox 1533 2108 1980 2185; x_wconf 80' lang='lat' dir='ltr'><strong>condidisset.</strong></span> <span class='ocrx_word' id='word_1_95' title='bbox 2080 2107 2336 2183; x_wconf 89' lang='lat' dir='ltr'><strong>Nonne</strong></span> <span class='ocrx_word' id='word_1_96' title='bbox 2387 2106 2601 2182; x_wconf 87' lang='lat' dir='ltr'><strong>etiam</strong></span> <span class='ocrx_word' id='word_1_97' title='bbox 2660 2104 3085 2182; x_wconf 86' lang='lat' dir='ltr'><strong>desiderium</strong></span> <span class='ocrx_word' id='word_1_98' title='bbox 3136 2106 3311 2181; x_wconf 85' lang='lat' dir='ltr'><strong>illud</strong></span> <span class='ocrx_word' id='word_1_99' title='bbox 3356 2107 3653 2184; x_wconf 85' lang='lat' dir='ltr'><strong>civitatis</strong></span> 
     </span>
     <span class='ocr_line' id='line_1_13' title="bbox 589 2224 3655 2326; baseline -0.001 -22"><span class='ocrx_word' id='word_1_100' title='bbox 589 2228 878 2304; x_wconf 87' lang='lat' dir='ltr'><strong>unitatis</strong></span> <span class='ocrx_word' id='word_1_101' title='bbox 898 2285 918 2317; x_wconf 97' lang='lat'><strong>,</strong></span> <span class='ocrx_word' id='word_1_102' title='bbox 973 2229 1034 2302; x_wconf 92' lang='lat' dir='ltr'><strong>si</strong></span> <span class='ocrx_word' id='word_1_103' title='bbox 1085 2228 1260 2304; x_wconf 85' lang='lat' dir='ltr'><strong>iuris</strong></span> <span class='ocrx_word' id='word_1_104' title='bbox 1319 2228 1538 2304; x_wconf 85' lang='lat' dir='ltr'><strong>civilis</strong></span> <span class='ocrx_word' id='word_1_105' title='bbox 1581 2227 2050 2305; x_wconf 87' lang='lat' dir='ltr'><strong>conditionem</strong></span> <span class='ocrx_word' id='word_1_106' title='bbox 2103 2234 2404 2326; x_wconf 85' lang='lat' dir='ltr'><strong>spectas,</strong></span> <span class='ocrx_word' id='word_1_107' title='bbox 2455 2233 2643 2301; x_wconf 87' lang='lat' dir='ltr'><strong>arcte</strong></span> <span class='ocrx_word' id='word_1_108' title='bbox 2686 2224 3007 2300; x_wconf 86' lang='lat' dir='ltr'><strong>cohaeret</strong></span> <span class='ocrx_word' id='word_1_109' title='bbox 3050 2248 3209 2299; x_wconf 88' lang='lat' dir='ltr'><strong>cum</strong></span> <span class='ocrx_word' id='word_1_110' title='bbox 3254 2225 3655 2301; x_wconf 82' lang='lat' dir='ltr'><strong>confusione</strong></span> 
     </span>
     <span class='ocr_line' id='line_1_14' title="bbox 593 2337 3655 2448; baseline -0.001 -24"><span class='ocrx_word' id='word_1_111' title='bbox 593 2349 710 2424; x_wconf 85' lang='lat' dir='ltr'><strong>illa</strong></span> <span class='ocrx_word' id='word_1_112' title='bbox 751 2357 824 2424; x_wconf 89' lang='lat' dir='ltr'><strong>et</strong></span> <span class='ocrx_word' id='word_1_113' title='bbox 879 2348 1406 2426; x_wconf 84' lang='lat' dir='ltr'><strong>difficultatibus</strong></span> <span class='ocrx_word' id='word_1_114' title='bbox 1427 2404 1446 2437; x_wconf 95' lang='lat'><strong>,</strong></span> <span class='ocrx_word' id='word_1_115' title='bbox 1498 2373 1674 2448; x_wconf 85' lang='lat' dir='ltr'><strong>quas</strong></span> <span class='ocrx_word' id='word_1_116' title='bbox 1732 2355 1964 2435; x_wconf 89' lang='lat' dir='ltr'><strong>tanta,</strong></span> <span class='ocrx_word' id='word_1_117' title='bbox 2027 2354 2292 2445; x_wconf 78' lang='lat' dir='ltr'><strong>quanta</strong></span> <span class='ocrx_word' id='word_1_118' title='bbox 2337 2346 2412 2420; x_wconf 91' lang='lat' dir='ltr'><strong>in</strong></span> <span class='ocrx_word' id='word_1_119' title='bbox 2465 2345 2689 2446; x_wconf 86' lang='lat' dir='ltr'><strong>patria</strong></span> <span class='ocrx_word' id='word_1_120' title='bbox 2726 2344 3011 2444; x_wconf 91' lang='lat' dir='ltr'><strong>quidem</strong></span> <span class='ocrx_word' id='word_1_121' title='bbox 3062 2352 3299 2420; x_wconf 87' lang='lat' dir='ltr'><strong>nostra</strong></span> <span class='ocrx_word' id='word_1_122' title='bbox 3350 2337 3655 2434; x_wconf 83' lang='lat' dir='ltr'><strong>exstitit,</strong></span> 
     </span>
     <span class='ocr_line' id='line_1_15' title="bbox 589 2463 3655 2570; baseline -0.002 -25"><span class='ocrx_word' id='word_1_123' title='bbox 589 2470 1027 2570; x_wconf 86' lang='lat' dir='ltr'><strong>singularum</strong></span> <span class='ocrx_word' id='word_1_124' title='bbox 1083 2468 1590 2568; x_wconf 84' lang='lat' dir='ltr'><strong>provinciarum</strong></span> <span class='ocrx_word' id='word_1_125' title='bbox 1634 2467 1900 2567; x_wconf 86' lang='lat' dir='ltr'><strong>legum‘</strong></span> <span class='ocrx_word' id='word_1_126' title='bbox 1929 2464 2321 2548; x_wconf 72' lang='lat' dir='ltr'><strong>diversitas,</strong></span> <span class='ocrx_word' id='word_1_127' title='bbox 2349 2464 2709 2564; x_wconf 77' lang='lat' dir='ltr'><strong>pariebat?</strong></span> <span class='ocrx_word' id='word_1_128' title='bbox 2808 2463 3163 2562; x_wconf 89' lang='lat' dir='ltr'><strong>Denique,</strong></span> <span class='ocrx_word' id='word_1_129' title='bbox 3213 2465 3385 2563; x_wconf 84' lang='lat' dir='ltr'><strong>quid</strong></span> <span class='ocrx_word' id='word_1_130' title='bbox 3428 2465 3655 2540; x_wconf 86' lang='lat' dir='ltr'><strong>dicam</strong></span> 
     </span>
     <span class='ocr_line' id='line_1_16' title="bbox 589 2583 3649 2688; baseline -0.001 -24"><span class='ocrx_word' id='word_1_131' title='bbox 589 2590 679 2665; x_wconf 93' lang='lat' dir='ltr'><strong>de</strong></span> <span class='ocrx_word' id='word_1_132' title='bbox 715 2589 948 2664; x_wconf 88' lang='lat' dir='ltr'><strong>studio</strong></span> <span class='ocrx_word' id='word_1_133' title='bbox 971 2587 1092 2664; x_wconf 93' lang='lat' dir='ltr'><strong>illo</strong></span> <span class='ocrx_word' id='word_1_134' title='bbox 1121 2587 1550 2688; x_wconf 84' lang='lat' dir='ltr'><strong>generalium</strong></span> <span class='ocrx_word' id='word_1_135' title='bbox 1577 2587 1750 2664; x_wconf 87' lang='lat' dir='ltr'><strong>iuris</strong></span> <span class='ocrx_word' id='word_1_136' title='bbox 1780 2585 2116 2663; x_wconf 77' lang='lat' dir='ltr'><strong>naturalis</strong></span> <span class='ocrx_word' id='word_1_137' title='bbox 2139 2592 2667 2686; x_wconf 90' lang='lat' dir='ltr'><strong>praeceptorum</strong></span> <span class='ocrx_word' id='word_1_138' title='bbox 2686 2641 2707 2672; x_wconf 93' lang='lat'><strong>,</strong></span> <span class='ocrx_word' id='word_1_139' title='bbox 2742 2583 2915 2682; x_wconf 92' lang='lat' dir='ltr'><strong>quid</strong></span> <span class='ocrx_word' id='word_1_140' title='bbox 2946 2584 3035 2658; x_wconf 89' lang='lat' dir='ltr'><strong>de</strong></span> <span class='ocrx_word' id='word_1_141' title='bbox 3070 2584 3285 2659; x_wconf 89' lang='lat' dir='ltr'><strong>altero</strong></span> <span class='ocrx_word' id='word_1_142' title='bbox 3316 2584 3436 2658; x_wconf 91' lang='lat' dir='ltr'><strong>illo</strong></span> <span class='ocrx_word' id='word_1_143' title='bbox 3462 2585 3649 2684; x_wconf 89' lang='lat' dir='ltr'><strong>prin·</strong></span> 
     </span>
     <span class='ocr_line' id='line_1_17' title="bbox 583 2703 3651 2810; baseline -0.002 -24"><span class='ocrx_word' id='word_1_144' title='bbox 583 2710 801 2810; x_wconf 89' lang='lat' dir='ltr'><strong>cipio,</strong></span> <span class='ocrx_word' id='word_1_145' title='bbox 843 2709 1036 2809; x_wconf 75' lang='lat' dir='ltr'><strong>quod</strong></span> <span class='ocrx_word' id='word_1_146' title='bbox 1083 2731 1293 2784; x_wconf 87' lang='lat' dir='ltr'><strong>omne</strong></span> <span class='ocrx_word' id='word_1_147' title='bbox 1349 2709 1462 2784; x_wconf 89' lang='lat' dir='ltr'><strong>ius</strong></span> <span class='ocrx_word' id='word_1_148' title='bbox 1516 2707 1608 2784; x_wconf 82' lang='lat' dir='ltr'><strong>ad</strong></span> <span class='ocrx_word' id='word_1_149' title='bbox 1668 2705 2078 2808; x_wconf 87' lang='lat' dir='ltr'><strong>legislatoris</strong></span> <span class='ocrx_word' id='word_1_150' title='bbox 2123 2727 2523 2805; x_wconf 85' lang='lat' dir='ltr'><strong>expressam</strong></span> <span class='ocrx_word' id='word_1_151' title='bbox 2571 2703 2997 2780; x_wconf 85' lang='lat' dir='ltr'><strong>voluntatem</strong></span> <span class='ocrx_word' id='word_1_152' title='bbox 3043 2703 3300 2779; x_wconf 78' lang='lat' dir='ltr'><strong>refert?</strong></span> <span class='ocrx_word' id='word_1_153' title='bbox 3396 2704 3651 2780; x_wconf 90' lang='lat' dir='ltr'><strong>Nonne</strong></span> 
     </span>
     <span class='ocr_line' id='line_1_18' title="bbox 586 2823 3651 2922; baseline -0.002 -16"><span class='ocrx_word' id='word_1_154' title='bbox 586 2832 798 2908; x_wconf 85' lang='lat' dir='ltr'><strong>etiam</strong></span> <span class='ocrx_word' id='word_1_155' title='bbox 825 2830 898 2906; x_wconf 90' lang='lat' dir='ltr'><strong>in</strong></span> <span class='ocrx_word' id='word_1_156' title='bbox 929 2830 1040 2906; x_wconf 90' lang='lat' dir='ltr'><strong>his</strong></span> <span class='ocrx_word' id='word_1_157' title='bbox 1063 2829 1376 2906; x_wconf 88' lang='lat' dir='ltr'><strong>certioris</strong></span> <span class='ocrx_word' id='word_1_158' title='bbox 1405 2855 1488 2906; x_wconf 84' lang='lat' dir='ltr'><strong>ac</strong></span> <span class='ocrx_word' id='word_1_159' title='bbox 1513 2827 1886 2906; x_wconf 86' lang='lat' dir='ltr'><strong>stabilioris</strong></span> <span class='ocrx_word' id='word_1_160' title='bbox 1915 2827 2091 2902; x_wconf 89' lang='lat' dir='ltr'><strong>iuris</strong></span> <span class='ocrx_word' id='word_1_161' title='bbox 2117 2824 2539 2902; x_wconf 87' lang='lat' dir='ltr'><strong>conditionis</strong></span> <span class='ocrx_word' id='word_1_162' title='bbox 2562 2823 2986 2900; x_wconf 86' lang='lat' dir='ltr'><strong>desiderium</strong></span> <span class='ocrx_word' id='word_1_163' title='bbox 3018 2823 3471 2922; x_wconf 89' lang='lat' dir='ltr'><strong>conspicuum</strong></span> <span class='ocrx_word' id='word_1_164' title='bbox 3497 2825 3651 2899; x_wconf 82' lang='lat' dir='ltr'><strong>est?</strong></span> 
     </span>
    </p>

    <p class='ocr_par' dir='ltr' id='par_1_4' title="bbox 579 2944 3653 3648">
     <span class='ocr_line' id='line_1_19' title="bbox 685 2944 3653 3051; baseline -0.002 -25"><span class='ocrx_word' id='word_1_165' title='bbox 685 2953 970 3051; x_wconf 87' lang='lat' dir='ltr'><strong>Itaque,</strong></span> <span class='ocrx_word' id='word_1_166' title='bbox 1031 2951 1090 3026; x_wconf 94' lang='lat' dir='ltr'><strong>si</strong></span> <span class='ocrx_word' id='word_1_167' title='bbox 1131 2951 1520 3026; x_wconf 84' lang='lat' dir='ltr'><strong>accuratius</strong></span> <span class='ocrx_word' id='word_1_168' title='bbox 1568 2950 1670 3025; x_wconf 89' lang='grc'><strong>181</strong></span> <span class='ocrx_word' id='word_1_169' title='bbox 1713 2948 2136 3024; x_wconf 86' lang='lat' dir='ltr'><strong>historiam</strong></span> <span class='ocrx_word' id='word_1_170' title='bbox 2114 2946 2483 3048; x_wconf 78' lang='lat' dir='ltr'><strong>inspicias,</strong></span> <span class='ocrx_word' id='word_1_171' title='bbox 2525 2951 2957 3046; x_wconf 88' lang='lat' dir='ltr'><strong>compertum</strong></span> <span class='ocrx_word' id='word_1_172' title='bbox 3000 2944 3324 3032; x_wconf 78' lang='lat' dir='ltr'><strong>habebis,</strong></span> <span class='ocrx_word' id='word_1_173' title='bbox 3364 2944 3653 3020; x_wconf 85' lang='lat' dir='ltr'><strong>maximi</strong></span> 
     </span>
     <span class='ocr_line' id='line_1_20' title="bbox 585 3064 3649 3170; baseline -0.002 -25"><span class='ocrx_word' id='word_1_174' title='bbox 585 3070 878 3170; x_wconf 88' lang='lat' dir='ltr'><strong>quidem</strong></span> <span class='ocrx_word' id='word_1_175' title='bbox 920 3067 1256 3144; x_wconf 89' lang='lat' dir='ltr'><strong>momenti</strong></span> <span class='ocrx_word' id='word_1_176' title='bbox 1295 3069 1448 3144; x_wconf 81' lang='lat' dir='ltr'><strong>illas</strong></span> <span class='ocrx_word' id='word_1_177' title='bbox 1487 3091 1734 3144; x_wconf 85' lang='lat' dir='ltr'><strong>causas</strong></span> <span class='ocrx_word' id='word_1_178' title='bbox 1778 3067 2032 3156; x_wconf 86' lang='lat' dir='ltr'><strong>fuisse,</strong></span> <span class='ocrx_word' id='word_1_179' title='bbox 2081 3071 2166 3140; x_wconf 88' lang='lat' dir='ltr'><strong>ut</strong></span> <span class='ocrx_word' id='word_1_180' title='bbox 2209 3065 2537 3141; x_wconf 88' lang='lat' dir='ltr'><strong>codicum</strong></span> <span class='ocrx_word' id='word_1_181' title='bbox 2582 3064 2773 3142; x_wconf 88' lang='lat' dir='ltr'><strong>haud</strong></span> <span class='ocrx_word' id='word_1_182' title='bbox 2832 3065 3131 3163; x_wconf 86' lang='lat' dir='ltr'><strong>amplius</strong></span> <span class='ocrx_word' id='word_1_183' title='bbox 3175 3065 3457 3140; x_wconf 84' lang='lat' dir='ltr'><strong>vitanda</strong></span> <span class='ocrx_word' id='word_1_184' title='bbox 3496 3089 3649 3165; x_wconf 89' lang='lat' dir='ltr'><strong>per·</strong></span> 
     </span>
     <span class='ocr_line' id='line_1_21' title="bbox 589 3184 3649 3299; baseline -0.002 -33"><span class='ocrx_word' id='word_1_185' title='bbox 589 3190 964 3266; x_wconf 86' lang='lat' dir='ltr'><strong>sentiretur</strong></span> <span class='ocrx_word' id='word_1_186' title='bbox 1023 3187 1440 3277; x_wconf 87' lang='lat' dir='ltr'><strong>necessitas,</strong></span> <span class='ocrx_word' id='word_1_187' title='bbox 1507 3196 1722 3287; x_wconf 87' lang='lat' dir='ltr'><strong>atque</strong></span> <span class='ocrx_word' id='word_1_188' title='bbox 1785 3187 1877 3261; x_wconf 88' lang='lat' dir='ltr'><strong>ad</strong></span> <span class='ocrx_word' id='word_1_189' title='bbox 1931 3193 2204 3262; x_wconf 88' lang='lat' dir='ltr'><strong>certum</strong></span> <span class='ocrx_word' id='word_1_190' title='bbox 2258 3184 2564 3299; x_wconf 90' lang='lat' dir='ltr'><strong>denique</strong></span> <span class='ocrx_word' id='word_1_191' title='bbox 2626 3185 2842 3260; x_wconf 88' lang='lat' dir='ltr'><strong>finem</strong></span> <span class='ocrx_word' id='word_1_192' title='bbox 2896 3185 3265 3260; x_wconf 88' lang='lat' dir='ltr'><strong>duceretur</strong></span> <span class='ocrx_word' id='word_1_193' title='bbox 3330 3185 3649 3260; x_wconf 88' lang='lat' dir='ltr'><strong>codicum</strong></span> 
     </span>
     <span class='ocr_line' id='line_1_22' title="bbox 579 3305 3651 3444; baseline -0.002 -58"><span class='ocrx_word' id='word_1_194' title='bbox 579 3308 1108 3386; x_wconf 85' lang='lat' dir='ltr'><strong>condendorum</strong></span> <span class='ocrx_word' id='word_1_195' title='bbox 1157 3307 1591 3444; x_wconf 79' lang='lat' dir='ltr'><strong>propositum</strong></span> <span class='ocrx_word' id='word_1_196' title='bbox 1633 3351 1736 3368; x_wconf 92' lang='lat'>—</span> <span class='ocrx_word' id='word_1_197' title='bbox 1774 3306 2174 3408; x_wconf 84' lang='lat' dir='ltr'><strong>primariam</strong></span> <span class='ocrx_word' id='word_1_198' title='bbox 2229 3311 2470 3381; x_wconf 85' lang='lat' dir='ltr'><strong>tamen</strong></span> <span class='ocrx_word' id='word_1_199' title='bbox 2518 3329 2601 3380; x_wconf 80' lang='grc'><strong>88</strong></span> <span class='ocrx_word' id='word_1_200' title='bbox 2642 3306 3083 3418; x_wconf 87' lang='lat' dir='ltr'><strong>praecipuam</strong></span> <span class='ocrx_word' id='word_1_201' title='bbox 3124 3329 3405 3380; x_wconf 88' lang='lat' dir='ltr'><strong>causam</strong></span> <span class='ocrx_word' id='word_1_202' title='bbox 3442 3305 3518 3381; x_wconf 88' lang='lat' dir='ltr'><strong>in</strong></span> <span class='ocrx_word' id='word_1_203' title='bbox 3568 3329 3651 3380; x_wconf 89' lang='lat' dir='ltr'><strong>eo</strong></span> 
     </span>
     <span class='ocr_line' id='line_1_23' title="bbox 587 3409 3651 3530; baseline -0.002 -26"><span class='ocrx_word' id='word_1_204' title='bbox 587 3429 885 3530; x_wconf 84' lang='lat' dir='ltr'><strong>positam</strong></span> <span class='ocrx_word' id='word_1_205' title='bbox 932 3429 1146 3504; x_wconf 81' lang='lat' dir='ltr'><strong>fuisse</strong></span> <span class='ocrx_word' id='word_1_206' title='bbox 1164 3487 1185 3518; x_wconf 93' lang='lat'><strong>,</strong></span> <span class='ocrx_word' id='word_1_207' title='bbox 1234 3429 1424 3529; x_wconf 88' lang='lat' dir='ltr'><strong>quod</strong></span> <span class='ocrx_word' id='word_1_208' title='bbox 1445 3486 1465 3518; x_wconf 97' lang='lat'><strong>,</strong></span> <span class='ocrx_word' id='word_1_209' title='bbox 1519 3429 1596 3502; x_wconf 89' lang='grc'><strong>18</strong></span> <span class='ocrx_word' id='word_1_210' title='bbox 1639 3435 1879 3504; x_wconf 83' lang='lat' dir='ltr'><strong>nostra</strong></span> <span class='ocrx_word' id='word_1_211' title='bbox 1921 3425 2169 3502; x_wconf 76' lang='lat' dir='ltr'><strong>saltem</strong></span> <span class='ocrx_word' id='word_1_212' title='bbox 2220 3425 2446 3525; x_wconf 86' lang='lat' dir='ltr'><strong>patria</strong></span> <span class='ocrx_word' id='word_1_213' title='bbox 2463 3483 2487 3516; x_wconf 95' lang='lat'><strong>,</strong></span> <span class='ocrx_word' id='word_1_214' title='bbox 2532 3409 2981 3502; x_wconf 85' lang='grc'><strong>(1881(181818“</strong></span> <span class='ocrx_word' id='word_1_215' title='bbox 2960 3423 3131 3500; x_wconf 85' lang='grc'><strong>111118</strong></span> <span class='ocrx_word' id='word_1_216' title='bbox 3171 3426 3501 3500; x_wconf 86' lang='lat' dir='ltr'><strong>securitas</strong></span> <span class='ocrx_word' id='word_1_217' title='bbox 3536 3425 3651 3500; x_wconf 88' lang='lat' dir='ltr'><strong>ius</strong></span> 
     </span>
     <span class='ocr_line' id='line_1_24' title="bbox 583 3547 1740 3648; baseline -0.001 -23"><span class='ocrx_word' id='word_1_218' title='bbox 583 3557 774 3625; x_wconf 90' lang='lat' dir='ltr'><strong>certo</strong></span> <span class='ocrx_word' id='word_1_219' title='bbox 815 3547 1266 3626; x_wconf 88' lang='lat' dir='ltr'><strong>condendum</strong></span> <span class='ocrx_word' id='word_1_220' title='bbox 1309 3547 1740 3648; x_wconf 86' lang='lat' dir='ltr'><strong>efflagitaret.</strong></span> 
     </span>
    </p>

    <p class='ocr_par' dir='ltr' id='par_1_5' title="bbox 547 3665 3651 4952">
     <span class='ocr_line' id='line_1_25' title="bbox 684 3665 3645 3768; baseline -0.002 -23"><span class='ocrx_word' id='word_1_221' title='bbox 684 3672 798 3746; x_wconf 92' lang='lat' dir='ltr'><strong>De</strong></span> <span class='ocrx_word' id='word_1_222' title='bbox 841 3669 1016 3744; x_wconf 81' lang='grc'><strong>111118</strong></span> <span class='ocrx_word' id='word_1_223' title='bbox 1067 3669 1274 3768; x_wconf 85' lang='lat' dir='ltr'><strong>patrii</strong></span> <span class='ocrx_word' id='word_1_224' title='bbox 1307 3668 1764 3742; x_wconf 85' lang='lat' dir='ltr'><strong>incertissima</strong></span> <span class='ocrx_word' id='word_1_225' title='bbox 1801 3666 2200 3742; x_wconf 84' lang='lat' dir='ltr'><strong>conditione</strong></span> <span class='ocrx_word' id='word_1_226' title='bbox 2237 3665 2379 3740; x_wconf 86' lang='lat' dir='ltr'><strong>iam</strong></span> <span class='ocrx_word' id='word_1_227' title='bbox 2421 3665 2845 3764; x_wconf 80' lang='lat' dir='ltr'><strong>querebatur</strong></span> <span class='ocrx_word' id='word_1_228' title='bbox 2878 3685 3026 3739; x_wconf 62' lang='lat' dir='ltr'><strong>van</strong></span> <span class='ocrx_word' id='word_1_229' title='bbox 3054 3666 3645 3739; x_wconf 68' lang='lat' dir='ltr'><strong>Bntxnasnonx:</strong></span> 
     </span>
     <span class='ocr_line' id='line_1_26' title="bbox 595 3783 3651 3886; baseline 0 -26"><span class='ocrx_word' id='word_1_230' title='bbox 595 3820 634 3860; x_wconf 92' lang='grc' dir='ltr'><strong>ιι</strong></span> <span class='ocrx_word' id='word_1_231' title='bbox 645 3797 902 3878; x_wconf 61' lang='lat' dir='ltr'><strong>„excute</strong></span> <span class='ocrx_word' id='word_1_232' title='bbox 920 3790 990 3877; x_wconf 91' lang='lat'><strong>,&#39;’</strong></span> <span class='ocrx_word' id='word_1_233' title='bbox 1037 3787 1306 3886; x_wconf 89' lang='lat' dir='ltr'><strong>inquit,</strong></span> <span class='ocrx_word' id='word_1_234' title='bbox 1370 3817 1407 3856; x_wconf 88' lang='grc' dir='ltr'><strong>ιι</strong></span> <span class='ocrx_word' id='word_1_235' title='bbox 1427 3786 1765 3862; x_wconf 89' lang='lat' dir='ltr'><strong>comitum</strong></span> <span class='ocrx_word' id='word_1_236' title='bbox 1827 3793 1902 3860; x_wconf 91' lang='lat' dir='ltr'><strong>et</strong></span> <span class='ocrx_word' id='word_1_237' title='bbox 1944 3784 2286 3859; x_wconf 88' lang='lat' dir='ltr'><strong>ordinum</strong></span> <span class='ocrx_word' id='word_1_238' title='bbox 2325 3783 2593 3873; x_wconf 86' lang='lat' dir='ltr'><strong>edicta,</strong></span> <span class='ocrx_word' id='word_1_239' title='bbox 2644 3784 2951 3872; x_wconf 86' lang='lat' dir='ltr'><strong>decreta,</strong></span> <span class='ocrx_word' id='word_1_240' title='bbox 2993 3785 3352 3882; x_wconf 88' lang='lat' dir='ltr'><strong>rescripta,</strong></span> <span class='ocrx_word' id='word_1_241' title='bbox 3402 3793 3651 3861; x_wconf 84' lang='lat' dir='ltr'><strong>excute</strong></span> 
     </span>
     <span class='ocr_line' id='line_1_27' title="bbox 600 3901 3650 4012; baseline 0 -32"><span class='ocrx_word' id='word_1_242' title='bbox 600 3941 634 3980; x_wconf 87' lang='grc' dir='ltr'><strong>ιι</strong></span> <span class='ocrx_word' id='word_1_243' title='bbox 657 3908 1014 4012; x_wconf 85' lang='lat' dir='ltr'><strong>privilegia</strong></span> <span class='ocrx_word' id='word_1_244' title='bbox 1032 3966 1055 3999; x_wconf 93' lang='lat'><strong>,</strong></span> <span class='ocrx_word' id='word_1_245' title='bbox 1119 3913 1384 3983; x_wconf 84' lang='lat' dir='ltr'><strong>statuta</strong></span> <span class='ocrx_word' id='word_1_246' title='bbox 1445 3905 1754 3982; x_wconf 88' lang='lat' dir='ltr'><strong>locorum</strong></span> <span class='ocrx_word' id='word_1_247' title='bbox 1772 3961 1794 3995; x_wconf 95' lang='lat'><strong>,</strong></span> <span class='ocrx_word' id='word_1_248' title='bbox 1873 3901 2414 3986; x_wconf 84' lang='lat' dir='ltr'><strong>consuetudines</strong></span> <span class='ocrx_word' id='word_1_249' title='bbox 2482 3909 2558 3977; x_wconf 90' lang='lat' dir='ltr'><strong>et</strong></span> <span class='ocrx_word' id='word_1_250' title='bbox 2614 3901 2965 3978; x_wconf 85' lang='lat' dir='ltr'><strong>oberrabis</strong></span> <span class='ocrx_word' id='word_1_251' title='bbox 3013 3903 3287 4003; x_wconf 86' lang='lat' dir='ltr'><strong>saepius</strong></span> <span class='ocrx_word' id='word_1_252' title='bbox 3330 3903 3650 3980; x_wconf 87' lang='lat' dir='ltr'><strong>incertior</strong></span> 
     </span>
     <span class='ocr_line' id='line_1_28' title="bbox 599 4023 3647 4130; baseline 0 -29"><span class='ocrx_word' id='word_1_253' title='bbox 599 4061 636 4102; x_wconf 93' lang='grc' dir='ltr'><strong>ιι</strong></span> <span class='ocrx_word' id='word_1_254' title='bbox 657 4055 882 4130; x_wconf 51' lang='lat' dir='ltr'><strong>quam,</strong></span> <span class='ocrx_word' id='word_1_255' title='bbox 919 4028 1266 4106; x_wconf 85' lang='lat' dir='ltr'><strong>dudum.’&#39;</strong></span> <span class='ocrx_word' id='word_1_256' title='bbox 1363 4025 1538 4102; x_wconf 82' lang='lat' dir='ltr'><strong>Mox</strong></span> <span class='ocrx_word' id='word_1_257' title='bbox 1607 4055 1646 4097; x_wconf 83' lang='grc' dir='ltr'><strong>ιι</strong></span> <span class='ocrx_word' id='word_1_258' title='bbox 1668 4047 1882 4126; x_wconf 88' lang='lat' dir='ltr'><strong>quam</strong></span> <span class='ocrx_word' id='word_1_259' title='bbox 1945 4047 2205 4124; x_wconf 84' lang='lat' dir='ltr'><strong>vagum</strong></span> <span class='ocrx_word' id='word_1_260' title='bbox 2227 4024 2298 4112; x_wconf 90' lang='lat'><strong>,&#39;&#39;</strong></span> <span class='ocrx_word' id='word_1_261' title='bbox 2359 4023 2559 4100; x_wconf 87' lang='lat' dir='ltr'><strong>addit</strong></span> <span class='ocrx_word' id='word_1_262' title='bbox 2624 4053 2661 4094; x_wconf 91' lang='grc' dir='ltr'><strong>ιι</strong></span> <span class='ocrx_word' id='word_1_263' title='bbox 2680 4023 3021 4099; x_wconf 89' lang='lat' dir='ltr'><strong>incertum</strong></span> <span class='ocrx_word' id='word_1_264' title='bbox 3042 4083 3062 4112; x_wconf 93' lang='lat'><strong>,</strong></span> <span class='ocrx_word' id='word_1_265' title='bbox 3113 4023 3491 4100; x_wconf 87' lang='lat' dir='ltr'><strong>obscurum</strong></span> <span class='ocrx_word' id='word_1_266' title='bbox 3538 4034 3647 4101; x_wconf 87' lang='lat' dir='ltr'><strong>est</strong></span> 
     </span>
     <span class='ocr_line' id='line_1_29' title="bbox 597 4141 3645 4253; baseline -0.002 -30"><span class='ocrx_word' id='word_1_267' title='bbox 597 4183 636 4223; x_wconf 91' lang='grc' dir='ltr'><strong>ιι</strong></span> <span class='ocrx_word' id='word_1_268' title='bbox 651 4151 1000 4253; x_wconf 88' lang='lat' dir='ltr'><strong>quidquid</strong></span> <span class='ocrx_word' id='word_1_269' title='bbox 1055 4155 1165 4226; x_wconf 82' lang='grc'><strong>881</strong></span> <span class='ocrx_word' id='word_1_270' title='bbox 1223 4148 1396 4224; x_wconf 84' lang='grc'><strong>111118</strong></span> <span class='ocrx_word' id='word_1_271' title='bbox 1457 4145 1670 4248; x_wconf 84' lang='lat' dir='ltr'><strong>patrii</strong></span> <span class='ocrx_word' id='word_1_272' title='bbox 1685 4147 1721 4221; x_wconf 75' lang='grc' dir='ltr'>Ρ</span> <span class='ocrx_word' id='word_1_273' title='bbox 1769 4141 1984 4245; x_wconf 83' lang='lat' dir='ltr'><strong>quam</strong></span> <span class='ocrx_word' id='word_1_274' title='bbox 2033 4149 2230 4244; x_wconf 84' lang='lat' dir='ltr'><strong>patet</strong></span> <span class='ocrx_word' id='word_1_275' title='bbox 2284 4141 2567 4243; x_wconf 83' lang='lat' dir='ltr'><strong>prolixis</strong></span> <span class='ocrx_word' id='word_1_276' title='bbox 2627 4143 3265 4246; x_wconf 76' lang='lat' dir='ltr'><strong>disputationibus?</strong></span> <span class='ocrx_word' id='word_1_277' title='bbox 3286 4143 3329 4174; x_wconf 79' lang='lat'><strong>’³</strong></span> <span class='ocrx_word' id='word_1_278' title='bbox 3427 4145 3645 4224; x_wconf 87' lang='lat' dir='ltr'><strong>Quod</strong></span> 
     </span>
     <span class='ocr_line' id='line_1_30' title="bbox 591 4262 3644 4370; baseline -0.003 -23"><span class='ocrx_word' id='word_1_279' title='bbox 591 4297 750 4350; x_wconf 82' lang='lat' dir='ltr'><strong>vero</strong></span> <span class='ocrx_word' id='word_1_280' title='bbox 801 4271 906 4347; x_wconf 84' lang='lat' dir='ltr'><strong>vir</strong></span> <span class='ocrx_word' id='word_1_281' title='bbox 961 4269 1434 4370; x_wconf 83' lang='lat' dir='ltr'><strong>amplissimus</strong></span> <span class='ocrx_word' id='word_1_282' title='bbox 1497 4269 1573 4344; x_wconf 87' lang='lat' dir='ltr'><strong>in</strong></span> <span class='ocrx_word' id='word_1_283' title='bbox 1623 4273 1820 4344; x_wconf 86' lang='lat' dir='ltr'><strong>tanta</strong></span> <span class='ocrx_word' id='word_1_284' title='bbox 1882 4263 2056 4340; x_wconf 87' lang='lat' dir='ltr'><strong>iuris</strong></span> <span class='ocrx_word' id='word_1_285' title='bbox 2121 4263 2327 4366; x_wconf 88' lang='lat' dir='ltr'><strong>patrii</strong></span> <span class='ocrx_word' id='word_1_286' title='bbox 2393 4263 2701 4340; x_wconf 83' lang='lat' dir='ltr'><strong>exilitate</strong></span> <span class='ocrx_word' id='word_1_287' title='bbox 2762 4263 3123 4364; x_wconf 85' lang='lat' dir='ltr'><strong>egregium</strong></span> <span class='ocrx_word' id='word_1_288' title='bbox 3181 4263 3421 4338; x_wconf 85' lang='lat' dir='ltr'><strong>laudat</strong></span> <span class='ocrx_word' id='word_1_289' title='bbox 3473 4262 3644 4339; x_wconf 84' lang='lat' dir='ltr'><strong>iuris</strong></span> 
     </span>
     <span class='ocr_line' id='line_1_31' title="bbox 590 4384 3642 4493; baseline -0.004 -23"><span class='ocrx_word' id='word_1_290' title='bbox 590 4392 848 4493; x_wconf 86' lang='lat' dir='ltr'><strong>recepti</strong></span> <span class='ocrx_word' id='word_1_291' title='bbox 891 4390 1194 4468; x_wconf 85' lang='lat' dir='ltr'><strong>Romani</strong></span> <span class='ocrx_word' id='word_1_292' title='bbox 1237 4389 1576 4466; x_wconf 85' lang='lat' dir='ltr'><strong>auxilium</strong></span> <span class='ocrx_word' id='word_1_293' title='bbox 1618 4413 1702 4464; x_wconf 87' lang='lat' dir='ltr'><strong>ac</strong></span> <span class='ocrx_word' id='word_1_294' title='bbox 1743 4385 2126 4464; x_wconf 85' lang='lat' dir='ltr'><strong>remedium</strong></span> <span class='ocrx_word' id='word_1_295' title='bbox 2142 4441 2162 4474; x_wconf 96' lang='lat'><strong>,</strong></span> <span class='ocrx_word' id='word_1_296' title='bbox 2207 4384 2475 4486; x_wconf 88' lang='lat' dir='ltr'><strong>optime</strong></span> <span class='ocrx_word' id='word_1_297' title='bbox 2516 4410 2681 4461; x_wconf 84' lang='lat' dir='ltr'><strong>sane</strong></span> <span class='ocrx_word' id='word_1_298' title='bbox 2720 4386 3083 4462; x_wconf 83' lang='lat' dir='ltr'><strong>conveniat</strong></span> <span class='ocrx_word' id='word_1_299' title='bbox 3128 4409 3377 4460; x_wconf 89' lang='lat' dir='ltr'><strong>aureae</strong></span> <span class='ocrx_word' id='word_1_300' title='bbox 3394 4439 3415 4472; x_wconf 92' lang='lat'><strong>,</strong></span> <span class='ocrx_word' id='word_1_301' title='bbox 3463 4407 3642 4481; x_wconf 87' lang='lat' dir='ltr'><strong>quae</strong></span> 
     </span>
     <span class='ocr_line' id='line_1_32' title="bbox 589 4502 3637 4609; baseline -0.003 -21"><span class='ocrx_word' id='word_1_302' title='bbox 589 4513 661 4588; x_wconf 88' lang='lat' dir='ltr'><strong>in</strong></span> <span class='ocrx_word' id='word_1_303' title='bbox 701 4519 940 4586; x_wconf 84' lang='lat' dir='ltr'><strong>nostra</strong></span> <span class='ocrx_word' id='word_1_304' title='bbox 983 4510 1195 4586; x_wconf 85' lang='lat' dir='ltr'><strong>etiam</strong></span> <span class='ocrx_word' id='word_1_305' title='bbox 1239 4509 1464 4609; x_wconf 84' lang='lat' dir='ltr'><strong>patria</strong></span> <span class='ocrx_word' id='word_1_306' title='bbox 1492 4509 1768 4596; x_wconf 84' lang='lat' dir='ltr'><strong>floruit,</strong></span> <span class='ocrx_word' id='word_1_307' title='bbox 1799 4503 2381 4606; x_wconf 84' lang='lat' dir='ltr'><strong>iurisprudentiaa</strong></span> <span class='ocrx_word' id='word_1_308' title='bbox 2427 4505 2643 4580; x_wconf 88' lang='lat' dir='ltr'><strong>aetati</strong></span> <span class='ocrx_word' id='word_1_309' title='bbox 2674 4549 2777 4566; x_wconf 88' lang='lat'><strong>--</strong></span> <span class='ocrx_word' id='word_1_310' title='bbox 2814 4503 3111 4580; x_wconf 86' lang='lat' dir='ltr'><strong>labentis</strong></span> <span class='ocrx_word' id='word_1_311' title='bbox 3166 4502 3637 4601; x_wconf 83' lang='lat' dir='ltr'><strong>iurispruden·</strong></span> 
     </span>
     <span class='ocr_line' id='line_1_33' title="bbox 586 4623 3639 4732; baseline -0.002 -26"><span class='ocrx_word' id='word_1_312' title='bbox 586 4632 726 4708; x_wconf 88' lang='lat' dir='ltr'><strong>tiae</strong></span> <span class='ocrx_word' id='word_1_313' title='bbox 777 4639 1086 4732; x_wconf 86' lang='lat' dir='ltr'><strong>tempore</strong></span> <span class='ocrx_word' id='word_1_314' title='bbox 1104 4687 1125 4719; x_wconf 90' lang='lat'><strong>,</strong></span> <span class='ocrx_word' id='word_1_315' title='bbox 1173 4628 1454 4730; x_wconf 87' lang='lat' dir='ltr'><strong>qualem</strong></span> <span class='ocrx_word' id='word_1_316' title='bbox 1501 4635 1800 4704; x_wconf 81' lang='lat' dir='ltr'><strong>exeunte</strong></span> <span class='ocrx_word' id='word_1_317' title='bbox 1837 4624 2174 4725; x_wconf 87' lang='lat' dir='ltr'><strong>superiori</strong></span> <span class='ocrx_word' id='word_1_318' title='bbox 2199 4623 2470 4700; x_wconf 84' lang='lat' dir='ltr'><strong>saeculo</strong></span> <span class='ocrx_word' id='word_1_319' title='bbox 2508 4623 2929 4698; x_wconf 83' lang='lat' dir='ltr'><strong>offendimus</strong></span> <span class='ocrx_word' id='word_1_320' title='bbox 2942 4681 2963 4712; x_wconf 95' lang='lat'><strong>,</strong></span> <span class='ocrx_word' id='word_1_321' title='bbox 2986 4631 3349 4723; x_wconf 87' lang='lat' dir='ltr'><strong>tamquam</strong></span> <span class='ocrx_word' id='word_1_322' title='bbox 3370 4631 3639 4722; x_wconf 86' lang='lat' dir='ltr'><strong>pestem</strong></span> 
     </span>
     <span class='ocr_line' id='line_1_34' title="bbox 547 4741 3634 4854; baseline -0.003 -25"><span class='ocrx_word' id='word_1_323' title='bbox 547 4778 553 4786; x_wconf 88' lang='lat'>·</span> <span class='ocrx_word' id='word_1_324' title='bbox 589 4778 670 4830; x_wconf 84' lang='lat' dir='ltr'><strong>ac</strong></span> <span class='ocrx_word' id='word_1_325' title='bbox 714 4751 1089 4854; x_wconf 85' lang='lat' dir='ltr'><strong>perniciem</strong></span> <span class='ocrx_word' id='word_1_326' title='bbox 1135 4749 1774 4826; x_wconf 85' lang='lat' dir='ltr'><strong>Iureconsultorum</strong></span> <span class='ocrx_word' id='word_1_327' title='bbox 1819 4744 2164 4847; x_wconf 87' lang='lat' dir='ltr'><strong>principes</strong></span> <span class='ocrx_word' id='word_1_328' title='bbox 2221 4743 2398 4820; x_wconf 91' lang='lat' dir='ltr'><strong>illud</strong></span> <span class='ocrx_word' id='word_1_329' title='bbox 2451 4741 2854 4819; x_wconf 86' lang='lat' dir='ltr'><strong>reiiciebant</strong></span> <span class='ocrx_word' id='word_1_330' title='bbox 2916 4751 3127 4842; x_wconf 86' lang='lat' dir='ltr'><strong>atque</strong></span> <span class='ocrx_word' id='word_1_331' title='bbox 3188 4745 3634 4820; x_wconf 84' lang='lat' dir='ltr'><strong>exsecraban-</strong></span> 
     </span>
     <span class='ocr_line' id='line_1_35' title="bbox 588 4862 3633 4952; baseline -0.002 -4"><span class='ocrx_word' id='word_1_332' title='bbox 588 4882 724 4952; x_wconf 87' lang='lat' dir='ltr'><strong>tur.</strong></span> <span class='ocrx_word' id='word_1_333' title='bbox 827 4870 1452 4950; x_wconf 86' lang='lat' dir='ltr'><strong>Vehementissime</strong></span> <span class='ocrx_word' id='word_1_334' title='bbox 1495 4869 1571 4946; x_wconf 90' lang='lat' dir='ltr'><strong>in</strong></span> <span class='ocrx_word' id='word_1_335' title='bbox 1614 4867 1798 4945; x_wconf 87' lang='lat' dir='ltr'><strong>illud</strong></span> <span class='ocrx_word' id='word_1_336' title='bbox 1837 4866 2187 4944; x_wconf 83' lang='lat' dir='ltr'><strong>invectum</strong></span> <span class='ocrx_word' id='word_1_337' title='bbox 2229 4863 2551 4942; x_wconf 86' lang='lat' dir='ltr'><strong>novimus</strong></span> <span class='ocrx_word' id='word_1_338' title='bbox 2598 4862 3121 4942; x_wconf 86' lang='lat' dir='ltr'><strong>celeberrimum</strong></span> <span class='ocrx_word' id='word_1_339' title='bbox 3164 4864 3395 4944; x_wconf 81' lang='lat' dir='ltr'><strong>curiae</strong></span> <span class='ocrx_word' id='word_1_340' title='bbox 3428 4863 3633 4943; x_wconf 81' lang='lat' dir='ltr'><strong>Flan-</strong></span> 
     </span>
    </p>
   </div>
  </div>
 </body>
</html>
