4934 6184
1830 647 2385 719 ORATIO.
3515 651 3644 718 165

604 868 890 938 naturae
954 859 1317 938 scrutatori
1364 857 1906 934 'affirmationem
1968 867 2093 936 aut
2156 857 2596 959 negationem
2661 858 2872 933 huius
2917 858 3019 932 rei
3061 859 3150 933 ab
3199 860 3348 935 eius
3396 859 3648 934 studiis

604 1007 755 1056 esse
815 981 1109 1058 alienam
1128 1040 1148 1069 ,
1208 1005 1349 1054 non
1406 978 1565 1053 ideo
1608 980 2049 1056 concedimus
2096 979 2171 1055 id
2236 979 2327 1054 ab
2374 979 2654 1054 homine
2697 978 2994 1077 cogitari
3037 1003 3178 1053 non
3223 1003 3429 1079 posse
3447 1036 3468 1066 ,
3527 985 3650 1054 aut

604 1102 1003 1201 opinionem
1045 1125 1195 1176 esse
1243 1099 1639 1176 absurdam.
2336 1107 2341 1112 ’

702 1222 1015 1296 Naturae
1065 1221 1253 1319 leges
1306 1245 1379 1294 re
1435 1245 1591 1296 vera
1642 1220 1935 1296 existere
1982 1247 2025 1297 a
2069 1221 2279 1322 priori
2324 1219 2780 1296 demonstrari
2827 1243 2967 1295 non
3006 1224 3274 1319 potest,
3323 1217 3651 1315 idemque

608 1340 933 1416 affirmari
986 1340 1196 1415 debet
1243 1339 1334 1414 de
1382 1341 1707 1416 materiae
1748 1339 2240 1431 facultatibus3
2288 1366 2512 1416 nexus
2551 1341 2736 1414 inter
2778 1331 3106 1437 utrasque
3147 1337 3387 1412 multis
3429 1338 3653 1412 nomi-

608 1460 819 1536 nibus
890 1459 1225 1534 obscurus
1292 1459 1629 1535 dicendus
1700 1470 1845 1536 est:
1916 1461 2071 1538 illas
2130 1469 2313 1536 certe
2376 1463 2449 1536 in
2516 1460 2624 1535 his
2685 1459 3012 1535 fundatas
3075 1484 3225 1534 esse
3285 1484 3370 1532 ex
3422 1467 3657 1533 nostra

612 1579 1085 1656 observatione
1152 1586 1341 1654 certo
1396 1581 1855 1656 demonstrari
1914 1607 2055 1656 non
2119 1588 2367 1681 potest.
2468 1581 2729 1656 Mundi
2795 1581 3012 1680 igitur
3079 1587 3414 1654 rectorem
3433 1636 3454 1666 ‚
3534 1579 3657 1677 qui

614 1699 1205 1799 quemadmodum
1254 1699 1611 1774 materiem
1659 1703 2026 1791 creaverit,
2096 1703 2305 1778 etiam
2357 1708 2647 1776 naturae
2692 1702 2928 1801 legum
2991 1699 3449 1776 constantiam
3505 1723 3658 1797 per·

614 1827 897 1918 petuam
915 1878 935 1908 ‚
1003 1844 1214 1919 quam
1278 1821 1735 1896 necessariam
1772 1827 1941 1897 'esse
2006 1823 2393 1898 observatio
2458 1821 2701 1896 docere
2761 1845 3147 1920 numquam
3203 1826 3432 1919 potest
3446 1878 3466 1909 ,
3519 1825 3656 1894 sta-

615 1939 947 2027 biliverit,
999 1964 1271 2014 sumere
1290 1997 1310 2028 ‚
1361 1965 1501 2015 non
1546 1940 1771 2017 solum
1814 1940 2083 2016 licitum
2132 1949 2276 2031 est,
2328 1941 2453 2016 sed
2498 1939 2707 2014 etiam
2728 1998 2748 2029 ‚
2799 1947 2879 2014 ut
2920 1939 2998 2013 id
3036 1938 3370 2014 faciamus
3388 1996 3408 2027 ‚
3473 1937 3659 2036 cogi·

616 2083 793 2133 mur.
896 2059 1251 2157 Sapientia
1304 2060 1522 2158 igitur
1592 2061 2011 2158 sempiterna
2032 2119 2052 2150 ‚
2106 2085 2286 2160 quae
2354 2061 2576 2159 leges,
2645 2058 3032 2132 secundum
3087 2083 3262 2156 quas
3306 2057 3540 2132 omnia
3589 2057 3664 2132 in

614 2201 845 2252 rerum
898 2185 1147 2254 natura
1188 2203 1513 2279 corporea
1561 2180 1776 2267 fiunt,
1828 2187 2092 2269 servat,
2149 2206 2291 2257 non
2332 2189 2439 2256 est
2479 2205 2589 2255 res
2637 2179 2982 2278 quaedam
3029 2177 3472 2277 imaginaria,
3545 2179 3668 2254 sed

616 2323 825 2396 quae,
858 2299 1241 2373 necessario
1306 2325 1393 2374 ex
1456 2299 1817 2398 disciplina
1889 2300 2190 2375 naturali
2264 2301 2417 2400 ipsa
2488 2301 2820 2398 profluat3
2911 2327 2946 2368 n
2967 2299 3360 2386 Mundus”,
3435 2297 3668 2397 inquit
3811 2359 3818 2362 .

622 2418 1038 2505 Onasrnnr,
1094 2447 1131 2488 n
1156 2420 1421 2518 regitur
1451 2445 1493 2493 a
1518 2420 1853 2518 sapientia
1878 2421 2298 2519 sempiterna
2316 2477 2336 2508 ‚
2387 2445 2568 2518 quae
2613 2419 2916 2493 actiones
2971 2442 3132 2492 suas
3180 2416 3380 2492 nobis
3431 2417 3666 2516 prodit

619 2536 840 2612 forma
890 2537 1129 2636 legum
1185 2545 1477 2612 naturae
1523 2538 1990 2614 constantium
2011 2599 2031 2628 ,
2080 2539 2700 2614 immutabilium.”

728 2687 763 2725 n
780 2657 1078 2730 Materia
1124 2681 1281 2730 vero
1330 2659 1745 2756 sempiterna
1790 2666 1940 2748 est,
2014 2659 2458 2746 immortalia,
2537 2685 2618 2734 ea
2685 2659 2890 2734 unica
2939 2683 3049 2732 res
3115 2663 3223 2732 est
3292 2655 3494 2730 nobis
3556 2680 3667 2728 co-

620 2776 821 2874 gnita
844 2833 863 2862 ,
914 2800 1092 2874 quae
1138 2800 1277 2850 non
1326 2780 1632 2875 pereat.’'
1730 2780 1875 2852 En!
1930 2779 2059 2853 hoc
2104 2803 2307 2879 porro
2351 2803 2482 2853 nos
2525 2779 2794 2855 docent.

724 2895 1091 2971 Materiem
1162 2919 1322 2969 vero
1387 2920 1659 2997 semper
1725 2895 1939 2972 fuisse
2009 2905 2131 2971 aut
2204 2923 2474 2997 semper
2535 2898 2678 2972 fore
2751 2899 2904 2996 ipsa
2969 2895 3444 2971 observatione
3521 2891 3680 2966 sciri

628 3040 767 3090 non
813 3022 1079 3114 potest3
1148 3014 1285 3114 ipsi
1332 3015 1518 3090 enim
1586 3016 2055 3092 observatores
2077 3076 2097 3106 ‚
2150 3025 2231 3092 ut
2274 3017 2352 3092 id
2406 3019 2600 3092 fieret
2614 3076 2635 3107 ,
2687 3016 3089 3118 sempiterni
3148 3038 3297 3089 esse
3345 3013 3678 3089 deberent

630 3135 821 3235 quod
872 3134 1153 3234 quidem
1222 3134 1311 3209 de
1380 3135 1675 3236 singulis
1746 3138 2069 3212 affirmari
2124 3161 2265 3212 non
2321 3144 2592 3237 potest,
2661 3139 2784 3213 sed
2855 3161 3084 3238 neque
3155 3135 3244 3210 de
3316 3133 3642 3210 omnibus
3659 3190 3679 3220 ,

626 3280 805 3354 quos
856 3263 1178 3330 naturam
1224 3255 1689 3331 observavisse
1728 3257 2125 3356 audivimus
2140 3317 2160 3347 ,
2208 3259 2628 3348 coniunctis3
2695 3283 2854 3334 nam
2917 3264 3204 3332 naturae
3249 3254 3634 3330 observatio
3655 3310 3678 3341 ‚

629 3401 809 3475 quae
862 3375 1133 3474 scriptis
1182 3377 1273 3450 sit
1310 3377 1626 3482 prodita,
1675 3402 1799 3476 per
1848 3402 2067 3477 pauca
2118 3387 2395 3454 tantum
2446 3380 2719 3455 saecula
2771 3379 2954 3454 facta
3001 3385 3127 3452 est.

730 3497 1061 3571 Materies
1134 3519 1295 3571 vero
1314 3554 1334 3584 ,
1402 3543 1501 3560 --
1548 3497 1647 3586 ita
1710 3497 2221 3600 ratiocinantur
2264 3499 2786 3586 nonnulli,..-÷.
2817 3509 3092 3596 'semper
3144 3494 3358 3576 fuerit
3399 3515 3678 3568 necesse

632 3623 777 3703 est,
826 3617 991 3714 quia
1032 3616 1392 3692 materiem
1440 3623 1511 3688 et
1550 3618 1725 3690 vires
1767 3643 1811 3690 a
1848 3642 1923 3690 se
1964 3617 2309 3692 seiunctas
2332 3619 2536 3692 nobis
2563 3624 3074 3714 repraesentare
3098 3639 3238 3690 non
3267 3635 3678 3711 possumus;

636 3737 801 3832 quia
819 3793 838 3821 ,
888 3735 949 3809 si
996 3735 1337 3809 materies·
1360 3743 1590 3810 creata
1643 3742 1861 3822 esset,
1912 3743 2075 3810 ante
2128 3739 2457 3812 materiae
2511 3744 2742 3810 ortum
2795 3737 2972 3810 vires
3017 3733 3374 3808 creatrices
3425 3755 3550 3828 per
3607 3753 3681 3802 se

634 3861 1037 3929 constantes
1092 3852 1239 3929 sine
1282 3855 1567 3930 materie
1610 3854 1953 3930 sumimus
1974 3913 1995 3944 ,
2046 3855 2235 3955 quod
2274 3855 2740 3955 incongruum
2779 3862 2924 3943 est,
2975 3853 3140 3952 quia
3167 3858 3402 3926 sumto
3431 3847 3681 3937 nihilo,

638 3973 715 4047 id
758 3981 865 4048 est
906 3973 1139 4071 quiete
1162 4033 1180 4063 ,
1228 4000 1369 4051 non
1418 3977 1739 4051 convenit
1774 3977 2037 4075 fingere
2076 3974 2478 4051 facultatem
2515 3981 2784 4050 exstare
2821 3972 3216 4049 creatricem
3239 4029 3260 4060 ,
3309 3995 3490 4071 quae
3531 3969 3682 4070 ipsa

636 4116 791 4166 esse
846 4090 1129 4188 nequit,
1198 4094 1367 4190 quin
1429 4103 1625 4193 agat,
1674 4137 1779 4154 -
1822 4093 1899 4168 id
1945 4104 2094 4184 est,
2128 4093 2319 4195 quin
2359 4094 2628 4194 aliquid
2675 4093 2963 4182 efficiat,
3015 4119 3140 4168 seu
3169 4101 3390 4174 creet.

740 4210 829 4283 Id
913 4209 1217 4308 profecto
1284 4212 1806 4290 concedendum
1866 4223 2031 4302 ests
2082 4239 2211 4290 nos
2230 4274 2251 4304 ,
2322 4221 2566 4314 utpote
2639 4214 2764 4314 qui
2801 4215 3145 4294 'homines
3217 4213 3436 4288 simus
3456 4271 3476 4299 ‚
3545 4235 3684 4284 non

641 4331 845 4404 nobis
907 4338 1139 4404 mente
1185 4330 1549 4408 informare
1610 4358 1811 4433 posse
1856 4335 2171 4410 notiones
2216 4336 2305 4412 de
2364 4335 2575 4412 rebus
2596 4394 2616 4425 ‚
2681 4359 2860 4432 quae
2887 4335 3334 4412 'intellectum
3385 4329 3684 4408 hominis

648 4457 997 4548 superant.
1100 4451 1245 4525 Sed
1285 4451 1533 4526 licetne
1578 4452 1737 4528 ideo
1780 4465 2033 4553 negare
2078 4454 2421 4538 eiusmodi
2472 4479 2582 4528 res
2599 4497 2608 4506 ·
2627 4463 2724 4530 re'
2750 4479 2908 4528 vera
2971 4451 3306 4528 existere?
3401 4448 3686 4524 Licetne

645 4593 899 4667 negare
966 4593 1113 4644 rem
1130 4628 1153 4659 ‚
1212 4571 1273 4644 si
1346 4570 1496 4644 sine
1572 4573 2037 4670 praeiudicata
2096 4573 2419 4672 opinione
2462 4573 3060 4648 considerantibus
3109 4570 3482 4646 necessitas
3535 4568 3686 4646 eius

645 4697 893 4788 sponte
964 4712 1037 4763 se
1104 4689 1309 4765 nobis
1368 4690 1643 4766 obfert?
1739 4692 2003 4782 Quodsi
2074 4693 2261 4768 enim
2318 4716 2484 4768 cum
2541 4691 2629 4767 iis
2675 4701 3018 4790 ponamus
3075 4689 3431 4767 materiem
3497 4689 3689 4766 omni

650 4821 959 4910 tempore
994 4810 1207 4888 fuisse
1226 4871 1246 4902 ‚
1284 4812 1755 4890 difficultatem
1793 4812 1867 4890 in
1898 4812 2113 4892 alium
2150 4815 2378 4890 locum
2416 4811 2928 4906 transferimus,
2960 4853 3058 4872 -—
3080 4835 3220 4914 non
3261 4809 3565 4891 tollimus
3587 4853 3688 4871 —·-
