4934 6184
1773 712 2329 781 ORATIO.
3449 718 3578 790 107

536 922 1069 1012 habitationem;
1122 922 1346 997 utitur
1396 921 1526 997 hac
1570 922 1729 998 aula
1771 930 1845 997 et
1894 921 2117 997 vicino
2168 920 2530 997 cenaculo:
2582 921 2776 1011 aula,
2824 923 3109 1025 inquam
3127 984 3148 1016 ,
3199 927 3366 1002 satis
3419 954 3574 1030 spa-

533 1047 709 1121 tiosa
724 1079 742 1134 ;
788 1045 909 1121 sed
952 1044 1241 1120 hiberno
1278 1051 1587 1143 tempore
1619 1042 1900 1143 frigida,
1934 1040 2327 1117 dicentibus
2365 1047 2579 1141 atque
2616 1041 3062 1119 audientibus
3093 1071 3339 1145 parum
3374 1058 3538 1149 apta
3554 1108 3574 1141 ,

536 1167 855 1242 senaculo
902 1172 1138 1241 autem
1154 1223 1175 1254 ,
1226 1190 1367 1264 quo
1415 1166 1829 1240 Ouratorum
1870 1162 2240 1263 collegium
2257 1221 2280 1252 ‚
2332 1162 3126 1241 Senatus‘Academicus
3165 1174 3236 1241 et
3265 1168 3578 1268 quinque

532 1287 893 1387 facuitates
936 1285 1081 1361 suis
1124 1284 1392 1361 vicibus
1436 1292 1723 1360 utantur
1737 1316 1782 1373 3·
1808 1283 2153 1359 auditoria
2194 1306 2354 1357 vero
2411 1282 2923 1360 Professoribus
2969 1279 3110 1361 fere
3153 1288 3263 1361 vel
3314 1288 3574 1364 condu-

534 1408 753 1483 cenda
820 1408 929 1482 vel
985 1406 1159 1481 adeo
1218 1406 1645 1481 aedificanda
1712 1411 1895 1481 sunt.
2028 1406 2117 1499 ln
2176 1404 2498 1479 senaculo
2553 1410 2824 1494 tamen,
2886 1406 3304 1483 Curatorum
3371 1434 3575 1499 cura,

535 1528 725 1628 quod
785 1527 952 1603 boni
1008 1526 1101 1602 sit
1147 1525 1399 1601 ominis
1418 1584 1437 1616 ,
1504 1526 1742 1602 lumen
1802 1548 2097 1623 superne
2148 1524 2534 1600 admissum
2585 1532 2692 1601 est
2739 1531 2810 1598 et
2857 1525 3279 1603 instauratae
3341 1529 3574 1606 docto·

446 1672 451 1677 ·
533 1671 692 1723 rum
741 1648 1175 1725 decessorum
1223 1647 1580 1747 imagines.
1680 1648 1793 1721 Ita
1838 1644 2013 1719 nihil
2056 1670 2099 1720 a
2146 1644 2606 1719 curatoribus
2651 1644 2902 1719 nostris
2954 1646 3240 1745 quidem
3283 1650 3574 1751 negligi-

534 1778 682 1859 tur,
734 1769 924 1869 quod
960 1768 1051 1845 ad
1093 1768 1582 1845 Academicam
1630 1766 2005 1843 utilitatem
2051 1772 2512 1864 nostrumque
2552 1767 2994 1843 commodum
3031 1768 3335 1845 conferre
3375 1794 3576 1869 posse

536 1890 849 1966 videatur
866 1923 883 1977 ;
938 1888 1059 1963 sed
1111 1895 1372 1965 restant
1420 1913 1714 1989 quorum
1771 1886 2159 1989 procuratio
2202 1886 2509 1985 optanda
2558 1885 2704 1959 estl

629 2270 958 2367 Superest
1002 2276 1083 2345 ut
1140 2268 1229 2343 de
1280 2270 1675 2344 certaminis
1722 2273 1977 2343 eventu
1995 2323 2016 2355 ,
2067 2264 2258 2364 quod
2310 2266 2660 2343 studiosae
2701 2268 3050 2343 iuventuti
3089 2268 3309 2369 ipsius
3360 2269 3577 2370 Regis

528 2388 806 2463 nomine
852 2387 1187 2490 superiori
1212 2413 1395 2463 anno
1444 2389 1579 2464 fuit
1618 2386 2053 2490 propositum
2099 2384 2191 2461 ad
2233 2409 2354 2461 vos
2404 2387 2696 2463 referam
2713 2447 2734 2476 ,
2785 2388 3074 2465 victores
3113 2389 3535 2488 proclamem
3555 2448 3577 2479 ,

528 2508 841 2609 ipsisque
883 2508 1187 2607 palmam
1230 2508 1739 2609 Augustissimi
1784 2505 2127 2605 Principis
2172 2505 2455 2581 nomine
2508 2508 2802 2586 tradam.

630 2749 823 2823 Ordo
853 2754 1087 2824 autem
1108 2750 1563 2843 Medicorum,
1594 2748 1763 2823 ordo
1799 2746 1972 2822 item
2017 2746 2413 2821 matheseos
2452 2752 2524 2819 et
2553 2746 3036 2846 Philosophiae
3057 2748 3428 2825 Naturalis
3471 2775 3576 2825 re-

533 2892 786 2967 sponsa
827 2868 918 2943 ad
958 2867 1399 2967 quaestiones
1434 2892 1477 2943 a
1509 2893 1585 2944 se
1630 2866 2019 2969 propositas
2065 2863 2348 2940 omnino
2388 2888 2530 2939 non
2577 2875 3007 2965 acceperunt.
3109 2870 3582 2969 Theoloyorum

432 2968 448 2985 '⁴
531 2988 698 3064 ordo
728 2988 993 3087 accepit
1036 2987 1183 3089 duo
1196 3046 1218 3076 ,
1246 2988 1339 3062 de
1382 2986 1642 3087 quibus
1664 2986 1841 3087 quid
1874 2984 2137 3061 iudicet
2160 2983 2525 3085 patiamini
2555 2992 2636 3060 ut
2663 2984 3028 3063 vobiscum
3052 2988 3580 3067 communicem.

632 3108 1140 3208 Theologorum
1182 3106 1377 3183 Ordo
1420 3107 1599 3184 hanc
1655 3105 2141 3183 excutiendam
2192 3112 2642 3205 proposuerat
2690 3108 3197 3206 quaestionem:

636 3258 671 3297 ιι
689 3227 1121 3303 Ostendatur
1185 3218 1271 3303 ex
1342 3227 1667 3315 historia,
1740 3226 1914 3326 quid
1963 3226 2476 3301 Oaaonmomo
2527 3251 2695 3302 aevo
2741 3228 3094 3329 religionis
3145 3230 3578 3306 Christianae

540 3376 575 3416 ιι
590 3348 732 3421 vim
804 3348 1135 3423 moralem
1200 3347 1273 3421 in
1350 3360 1597 3449 gentes
1663 3344 2247 3444 Neo-Europaeas
2324 3345 2766 3445 impediverit
2781 3380 2800 3436 ;
2879 3349 3229 3448 quomodo
3302 3351 3409 3426 vel
3481 3352 3582 3427 sic

538 3495 572 3535 ιι
591 3472 824 3542 tamen
900 3469 1069 3543 haec
1138 3468 1381 3568 religio
1442 3465 2111 3568 praestantissimam
2179 3490 2259 3541 ac
2326 3465 2712 3542 beneficam
2779 3492 2979 3544 suam
3041 3470 3349 3545 indolem
3409 3472 3576 3547 satis

540 3614 575 3657 ιι
601 3610 945 3687 superque
992 3588 1611 3688 comprobaverit.”
2094 3670 2099 3673 ,

626 3708 749 3783 Ad
808 3733 1021 3807 quam
1083 3709 1557 3808 quaestionem
1621 3706 1803 3782 duae
1846 3704 2075 3781 ordini
2118 3704 2393 3782 oblatae
2440 3714 2608 3783 sunt
2653 3709 3270 3785 commentationes
3290 3769 3311 3801 ,
3365 3713 3576 3787 altera

538 3827 645 3901 his
698 3827 931 3905 HAsn
976 3828 1205 3904 verbis
1252 3835 1528 3906 notata:

636 3978 673 4017 ιι
690 3948 836 4023 Der
880 3948 1069 4024 Herr
1122 3949 1247 4024 der
1290 3950 1443 4026 Zeit
1488 3949 1581 4023 ist
1624 3950 1836 4036 Gott,
1884 3946 2011 4021 der
2050 3944 2292 4021 Zeiten
2322 3945 2816 4046 Wendepunct
2865 3946 3316 4039 ‚Cflmsrus”‚
3364 3950 3578 4025 altera

534 4068 961 4166 adscriptum
1004 4069 1268 4146 habens
1310 4070 1442 4146 hoc
1482 4066 1916 4169 symbolum:
1950 4072 2123 4165 poet
2160 4068 2478 4143 tenebras
2517 4068 2656 4143 luce.
2699 4110 2804 4126 -—
2845 4069 3088 4146 Quum
3120 4078 3358 4145 autem
3383 4070 3578 4146 nulla

533 4188 925 4288 posterioris
986 4188 1161 4265 ratio
1230 4190 1470 4267 haberi
1536 4186 1884 4289 potuerit,
1958 4186 2217 4287 quippe
2276 4210 2457 4287 quae
2521 4188 2745 4265 multo
2789 4197 2950 4287 post
2991 4170 3335 4265 indictum
3385 4190 3571 4266 diem

532 4304 766 4382 oblata
831 4314 1045 4395 esset,
1119 4308 1207 4382 de
1266 4310 1489 4407 priore
1556 4316 1830 4384 tantum
1892 4306 2470 4384 commentatione
2531 4306 2870 4383 iudicium
2936 4308 3100 4385 tulit
3163 4309 3377 4385 Ordo.
3483 4311 3571 4384 In

535 4452 675 4526 qua
720 4426 909 4501 haud
963 4450 1184 4526 pauca
1228 4427 1571 4505 invenisse
1616 4454 1689 4505 se
1735 4427 2094 4527 probanda
2134 4453 2217 4504 ac
2270 4426 2619 4503 laudanda
2635 4486 2656 4515 ,
2706 4426 2955 4503 lubens
2999 4428 3380 4528 profitetur.

631 4546 875 4622 Prodit
936 4547 1123 4623 enim
1172 4546 1460 4645 scriptor
1512 4535 1837 4623 historiae
1885 4547 2383 4623 ecclesiasticae
2425 4545 2895 4647 cognitionem
2940 4545 3131 4619 haud
3179 4546 3530 4646 vulgarem
3549 4604 3569 4636 ‚

535 4691 1003 4767 magnamque
1068 4667 1143 4741 in
1206 4666 1703 4744 conscribenda
1768 4692 1896 4743 sua
1958 4666 2437 4741 dissertatione
2499 4664 2916 4740 industriam
2980 4664 3350 4743 collocavit.
3471 4668 3574 4743 At

536 4788 737 4887 plura
772 4795 1007 4864 tamen
1044 4786 1608 4889 reprehendenda
1639 4812 1719 4863 ac
1752 4785 2204 4887 vituperanda
2234 4783 2490 4884 reperit
2523 4782 2738 4859 Ordo.
2800 4784 3080 4859 Etenim
3119 4784 3568 4887 praecipuum

542 4908 962 5005 quaestionis
1032 4908 1398 4987 consiiium
1452 4930 1593 4984 non
1646 4906 1823 4984 bene
1868 4904 2175 5008 percepit
2220 4905 2509 5007 scriptor
2522 4964 2543 4999 ,
2609 4909 2794 4982 certe
2846 4914 3004 4980 non'
3045 4906 3212 4983 satis
3259 4916 3574 4985 accurate

2943 5026 3086 5099 14*
