4934 6184
1376 669 1502 737 166
2079 703 2088 710 ·
2411 669 2464 736 1.
2528 667 2947 736 HISSINK
3006 668 3369 736 IANSEN

1374 877 1854 954 transferimus
1899 880 2132 950 autem
2177 871 2302 948 tali
2337 874 2645 964 ratione,
2712 882 2795 950 ut
2850 875 3192 951 intensius
3238 873 3803 975 perquirentibus
3848 873 4222 952 difficultas
4282 899 4421 952 non

1371 997 1637 1086 minui,
1689 996 1813 1070 sed
1853 1001 2092 1069 contra
2136 994 2377 1094 augeri
2423 975 2761 1072 videatur.

1476 1114 1848 1215 Geologica
1915 1115 2360 1214 investigatio
2423 1116 2727 1192 ostendit
2784 1114 3145 1217 perspicue
3190 1123 3451 1202 terrae,
3519 1139 3729 1214 quam
3780 1113 4219 1203 habitamus,
4268 1141 4423 1193 evo-

1371 1238 1706 1313 lutionem
1757 1236 2131 1335 quamdam
2153 1294 2176 1325 ,
2227 1261 2366 1334 qua
2413 1236 2504 1312 ab
2558 1237 2837 1312 informi
2888 1237 3219 1313 materiae
3266 1235 3659 1311 conditione
3716 1235 4055 1335 incipiens
4076 1293 4096 1326 ,
4166 1238 4423 1312 sensim

1369 1357 1718 1433 transierit
1771 1357 1846 1432 in
1913 1381 2068 1432 eam
2117 1357 2584 1432 conditionem
2604 1415 2623 1447 ,
2692 1381 2835 1456 qua
2884 1357 3089 1432 hodie
3138 1382 3291 1432 eam
3344 1354 3829 1455 conspicimus,
3934 1355 4188 1430 Utrum
4242 1358 4425 1432 inter

1369 1477 1673 1552 diversas
1716 1477 2040 1577 periodos
2090 1477 2501 1552 evolationis
2521 1537 2540 1567 ‚
2590 1502 2771 1576 quae
2826 1477 3392 1577 distinguuntur,
3440 1476 3659 1551 millia
3700 1475 4001 1550 millium
4040 1499 4373 1551 annorum
4396 1535 4418 1567 ‚

1369 1597 1476 1671 uti
1524 1598 1810 1696 ponitur
1826 1655 1847 1685 ,
1898 1598 2090 1697 lapsa
2143 1598 2282 1672 sint
2301 1655 2321 1688 ,
2371 1623 2462 1674 an
2526 1623 2685 1674 vero
2752 1597 2901 1674 dies
2960 1597 3184 1674 solum
3242 1597 3492 1672 unicus
3544 1620 3795 1694 parum
3838 1595 4066 1671 refert.
4166 1597 4421 1672 Evolu-

1364 1717 1464 1791 tio
1529 1717 1856 1792 materiae
1929 1718 2400 1794 demonstrata
2461 1725 2613 1808 est,
2679 1743 2889 1817 quam
2912 1776 2931 1808 ,
2998 1717 3059 1794 si
3120 1741 3392 1806 sumas,
3455 1715 3739 1791 initium
3797 1715 3947 1791 eius
4013 1717 4422 1792 evolationis

1363 1837 1648 1937 aliquod
1715 1838 2055 1938 agnoscis.
2179 1839 2338 1913 Sive
2409 1837 2551 1912 iam
2628 1837 2861 1924 nescio
2945 1859 3157 1940 quem
3234 1835 3657 1910 immensum
3728 1835 4059 1934 temporis
4123 1842 4423 1912 tractum

1361 1958 1786 2056 cogitatione
1827 1959 2209 2057 retrogredi
2249 1957 2419 2032 velis
2436 2015 2456 2046 ,
2507 1956 2911 2055 retrogressi
2962 1955 3265 2054 cogitare
3310 1955 3627 2055 cogimur
3664 1955 3997 2053 temporis
4036 1964 4379 2055 punctum
4398 2016 4417 2046 ‚

1365 2103 1507 2175 quo
1557 2078 1768 2151 huius
1823 2079 2232 2152 evolutionis
2281 2077 2655 2176 vestigium
2706 2075 3049 2152 exstiterit
3098 2075 3373 2150 nullum
3391 2134 3411 2165 ‚
3476 2116 3581 2134 —-·
3640 2100 3779 2174 quo
3828 2075 4145 2150 materies
4162 2134 4182 2164 ‚
4237 2099 4422 2174 quae

1361 2196 1780 2297 sempiterna
1842 2196 2231 2296 ponebatur
2247 2255 2269 2288 ,
2333 2198 2406 2270 in
2475 2198 2707 2295 quiete
2771 2203 3161 2272 versaretur
3222 2204 3293 2270 et
3358 2194 3507 2270 sine
3560 2195 3831 2270 actione
3876 2202 4088 2282 esset,
4138 2239 4240 2252 —
4288 2203 4416 2270 aut

1357 2324 1542 2391 certe
1605 2342 1746 2416 quo
1811 2318 2131 2393 materies
2207 2327 2592 2393 versaretur
2668 2318 2743 2392 in
2808 2317 3177 2392 conditone
3198 2372 3220 2405 ,
3270 2337 3481 2414 quam
3526 2314 3732 2389 hodie
3781 2314 3985 2388 nobis
4023 2335 4415 2411 repraesen-

1357 2445 1504 2511 tare
1562 2461 1701 2512 non
1769 2463 2142 2538 possumus
2161 2497 2184 2528 ‚
2249 2445 2321 2512 et
2389 2462 2605 2537 quam
2667 2438 3091 2538 physiologis
3110 2495 3131 2526 ,
3200 2444 3421 2512 totam
3480 2459 3679 2510 suam
3751 2433 4263 2534 philosophiam
4330 2459 4413 2508 ex

1362 2556 1837 2633 observatione
1855 2617 1877 2647 ‚
1929 2559 2034 2633 uti
2082 2556 2218 2658 ipsi
2263 2557 2611 2635 affirmant
2631 2617 2651 2648 ‚
2702 2556 3253 2646 deducentibus,
3304 2579 3577 2630 sumere
3624 2579 3764 2629 non
3813 2555 3997 2630 licet.

1454 2677 1703 2776 Itaque
1772 2677 1912 2752 ista
1979 2677 2090 2753 via
2153 2677 2596 2777 pervenimus
2648 2678 2738 2752 ad
2806 2678 3133 2754 materiae
3176 2675 3641 2753 conditionem
3662 2733 3684 2765 ‚
3745 2699 3925 2774 quae
3974 2675 4037 2748 si
4082 2675 4259 2749 nihil
4308 2684 4408 2750 est

1356 2821 1566 2894 supra
1643 2798 2001 2873 materiem
2077 2798 2388 2896 positum
2405 2855 2427 2888 ‚
2504 2798 2611 2873 uti
2688 2799 3163 2888 contendunt,
3236 2820 3401 2873 cum
3472 2796 3607 2871 isto
3682 2795 3939 2896 placito
4016 2797 4172 2896 ipso
4246 2797 4417 2872 adeo

1349 2923 1622 3016 pugnat
1641 2975 1661 3006 ,
1713 2925 1796 2993 ut
1842 2917 2130 3016 cogitari
2174 2917 2460 2994 omnino
2508 2943 2651 2994 non
2700 2919 2943 3018 possit.

1467 3038 1805 3116 Quaestio
1855 3047 2096 3114 utrum
2131 3047 2547 3138 argumenta
2585 3040 2837 3116 idonea
2884 3040 3136 3117 adferri
3162 3038 3431 3140 possint
3457 3060 3585 3135 pro
3608 3034 3951 3110 creatione
3972 3037 4305 3112 materiae
4328 3036 4411 3111 ab

1241 3142 1249 3150 ’
1359 3165 1663 3232 creatore
1699 3155 2172 3258 omnipotente
2221 3182 2352 3233 nec
2388 3185 2479 3234 ne
2494 3218 2517 3249 ‚
2560 3161 2978 3260 requireret,
3026 3167 3107 3236 ut
3146 3159 3211 3236 ei
3248 3156 3781 3257 responderetur
3799 3215 3817 3244 ,
3856 3155 4411 3255 disquisitionem

1360 3284 1599 3350 utrum
1663 3278 1755 3351 sit
1819 3279 2141 3353 revelatio
2201 3302 2330 3352 nec
2397 3303 2489 3354 ne
2508 3337 2527 3369 ,
2594 3305 2775 3380 quae
2842 3279 2933 3356 ab
2994 3305 3077 3356 ea
3095 3337 3117 3370 ,
3183 3303 3363 3378 quae
3426 3279 3501 3353 in
3567 3286 3855 3354 naturae
3922 3276 4093 3351 libro
4144 3277 4401 3375 scripta

1355 3397 1498 3484 sit,
1547 3395 1858 3486 differat3
1911 3397 2100 3495 quod
2150 3398 2438 3496 quidem
2485 3407 2557 3473 et
2613 3399 2825 3474 huius
2878 3398 3205 3474 orationis
3252 3408 3325 3475 et
3372 3424 3531 3475 vero
3584 3423 3779 3474 meae
3826 3397 4161 3474 facultatis
4216 3397 4397 3472 limi-

1349 3524 1460 3590 tes
1539 3524 1844 3614 superat.
1971 3517 2282 3592 Sufficiat
2347 3519 2735 3594 ostendisse
2814 3529 2923 3595 ea'
2978 3527 3389 3619 argumenta
3408 3578 3429 3608 ‚
3512 3518 3770 3619 quibus
3847 3515 4239 3617 philosophi
4300 3517 4406 3592 illi

1349 3643 1652 3710 utuntur
1668 3693 1688 3724 ,
1743 3643 1822 3710 ut
1869 3635 2348 3712 demonstrent
2399 3639 2759 3716 materiem
2814 3665 2965 3715 esse
3014 3640 3502 3739 sempiternam
3526 3698 3547 3728 ‚
3596 3664 3727 3714 nec
3768 3644 4146 3714 creatorem
4188 3635 4403 3736 igitur

1347 3754 1600 3828 mundi
1647 3754 1936 3854 cogitari
1984 3779 2186 3855 posse
2209 3813 2230 3845 ,
2281 3779 2433 3832 esse
2478 3756 2757 3833 infirma
2770 3815 2791 3846 ‚
2842 3757 3241 3858 disciplinas
3288 3768 3525 3836 contra
3577 3759 3925 3835 naturales
3980 3765 4395 3856 argumenta

1350 3867 1680 3970 praebere
1698 3931 1719 3961 ,
1769 3872 2028 3972 quibus
2087 3875 2446 3951 materiem
2465 3935 2489 3967 ,
2556 3903 2737 3977 quae
2800 3878 3174 3978 aliquando
3240 3889 3467 3957 creata
3513 3881 3642 3970 sit,
3692 3887 3775 3953 ut
3829 3901 4175 3978 ponamus
4220 3875 4391 3950 invi·

1349 3999 1586 4075 tamur
1604 4047 1624 4078 ,
1671 3992 1864 4089 quin.
1885 3994 2061 4068 adeo
2105 3996 2438 4093 cogimur.

1447 4109 1784 4184 Materies
1843 4113 2226 4188 secundum
2285 4115 2464 4190 hanc
2526 4116 2909 4193 doctrinam
2974 4141 3245 4218 semper
3297 4119 3465 4206 fuit;
3520 4117 3631 4192 “.--
3682 4118 3806 4193 aed
3858 4118 4121 4192 formae
4138 4172 4163 4203 ‚
4231 4114 4391 4188 inde

1351 4236 1560 4304 natae
1617 4227 2098 4306 coniunctione
2161 4233 2663 4310 elementorum
2708 4236 3133 4312 diversorum
3151 4297 3171 4326 ,
3214 4281 3312 4296 —
3356 4238 3657 4314 maxime
3706 4237 3965 4312 formae
4010 4236 4153 4310 vita
4193 4258 4381 4333 prae·

1349 4345 1538 4424 ditae
1561 4406 1580 4438 ,
1643 4349 1920 4448 plantae
1939 4407 1960 4438 ‚
2023 4347 2380 4443 animalia,
2445 4354 2655 4430 homo
2714 4357 3083 4433 fueruntne
3144 4359 3313 4433 item
3374 4359 3697 4457 semper?
3742 4401 3841 4418 --
3885 4356 3973 4430 Id
4022 4379 4161 4430 non
4208 4355 4385 4428 affir-

1351 4477 1586 4558 mant,
1648 4493 1876 4570 neque
1923 4493 2082 4546 vero
2123 4473 2422 4571 possint:
2494 4486 2839 4574 pugnaret
2890 4478 3077 4554 enim
3130 4501 3291 4554 cum
3338 4477 3547 4554 rebus
3598 4502 3772 4577 quas
3818 4477 4057 4550 docuit
4100 4475 4377 4550 investi·

1351 4589 1547 4682 gatio
1580 4587 1878 4689 diligens
1928 4591 2373 4692 geologorum
2419 4601 2493 4669 et
2536 4619 2713 4694 quas
2757 4596 2915 4696 ipsi
2939 4621 3067 4696 pro
3106 4597 3315 4673 rebus
3362 4597 3560 4676 factis
3604 4599 4140 4696 amplectuntur.
4240 4593 4373 4670 Sed

1350 4727 1494 4800 quo
1537 4709 1744 4784 modo
1785 4711 2224 4812 philosophia
2276 4715 2396 4790 illa
2449 4713 2593 4790 iam
2642 4714 2778 4790 sibi
2834 4717 3042 4816 fingit
3095 4717 3401 4816 primum
3464 4717 3664 4794 illum
3717 4723 3969 4792 ortum
4005 4715 4377 4789 formarum

1349 4824 1869 4922 organicorum,
1915 4830 2347 4929 plantarum,
2407 4820 2909 4931 animantium,
2958 4837 3258 4916 hominis
3272 4840 3308 4914 P
3358 4881 3455 4898 --
3498 4841 3779 4916 Praeter
3832 4835 4189 4914 materiem
4234 4833 4378 4910 suis
