4934 6184
1333 635 1464 702 104
2158 631 2174 654 ⁸
2508 634 2560 697 1.
2630 634 3188 701 vauHALL

1329 839 1748 916 Academiae
1813 843 2084 914 nostrae
2127 839 2489 916 commoda
2535 848 2642 930 et,
2704 841 2765 916 si
2813 841 2951 916 iam
3006 843 3331 942 deinceps
3378 865 3516 917 non
3568 844 3869 943 amplius
3910 845 4249 922 institutis
4294 854 4375 922 et

1330 960 1712 1060 praeceptis
1731 1018 1752 1048 ,
1809 966 2042 1034 tamen
2093 958 2372 1034 monitis
2425 957 2568 1033 tuis
2616 965 2689 1033 et
2732 960 3045 1058 exemplo
3094 960 3418 1059 prodesse
3457 958 3873 1036 Academiae
3922 970 4193 1038 nostrae
4234 965 4370 1038 tibi

1327 1080 1564 1155 liceat!

1426 1199 1772 1298 Equidem
1842 1200 2094 1289 laetor,
2157 1199 2535 1275 clarissime
2576 1200 2910 1286 Romae,
2955 1199 3143 1297 quod
3198 1199 3369 1272 mihi
3414 1223 3602 1275 nunc
3648 1202 3933 1276 demum
3984 1229 4070 1277 ex
4110 1228 4367 1303 augus-

1331 1318 1596 1392 tissimo
1663 1319 1792 1393 hoc
1861 1319 2008 1393 loco
2021 1377 2042 1406 ,
2114 1318 2472 1393 universae
2528 1318 2953 1393 Traiectinae
3008 1319 3423 1394 Academiae
3468 1320 3747 1396 nomine
3798 1322 4005 1397 verba
4054 1322 4367 1411 facienti,

1326 1462 1730 1514 concessum
1778 1446 1884 1514 est
1925 1438 2056 1513 tibi
2099 1439 2432 1537 gratulari
2479 1437 2567 1512 de
2611 1437 2896 1512 feliciter
2940 1445 3261 1536 suscepta
3310 1440 3801 1514 Gonnoavnm
3848 1441 3923 1514 in
3966 1441 4193 1516 locum
4246 1443 4367 1516 do·

1328 1559 1531 1634 cendi
1597 1557 1963 1657 provincia.
2077 1558 2230 1634 Iam
2289 1558 2477 1632 enim
2524 1581 2663 1632 non
2720 1557 3018 1655 amplius
3064 1557 3171 1632 vel
3214 1565 3451 1656 optare
3493 1559 3601 1633 vel
3648 1584 3917 1658 sperare
3964 1561 4051 1635 de
4096 1569 4164 1634 te
4211 1562 4369 1636 licet

1323 1680 1467 1754 fore
1524 1685 1605 1752 ut
1653 1677 1810 1752 talis
1852 1679 2131 1756 futurus
2181 1678 2276 1753 sis
2331 1679 2405 1752 in
2468 1677 2848 1754 Academia
2894 1685 3129 1752 nostra
3150 1735 3170 1766 ,
3222 1677 3499 1777 qualem
3550 1685 3621 1752 te
3666 1687 3737 1753 et
3780 1679 4257 1780 Franequerae
4299 1691 4369 1756 et

1327 1800 1726 1898 Groningae
1791 1797 2224 1896 praestitisti;
2289 1798 2429 1872 iam
2506 1797 2771 1897 experti
2844 1797 3100 1872 scimus
3125 1856 3142 1885 ,
3210 1804 3365 1872 tuto
3396 1797 3557 1878 ,tibi
3612 1806 3911 1898 tuaeque
3966 1801 4367 1900 disciplinae

1323 1921 1756 1994 iuventutem
1825 1927 2132 1992 nostram
2163 1942 2479 2025 „quoque
2541 1915 3041 1992 instituendam
3108 1942 3257 1991 esse
3324 1917 3669 1993 traditam.
3767 1920 4115 2018 Equidem
4158 1922 4365 1996 modo

1327 2065 1470 2114 non
1529 2038 1676 2112 sine
1743 2037 2092 2136 voluptate
2163 2036 2788 2112 commemorabam
2846 2037 3221 2112 solemnem
3282 2037 3481 2112 illum
3530 2037 3715 2112 diem
3736 2097 3755 2126 ‚
3812 2063 3951 2137 quo
4014 2048 4175 2115 ante
4240 2041 4365 2116 hos
4422 2071 4431 2077 ·

1327 2160 1616 2258 triginta
1693 2159 2004 2256 quinque
2075 2182 2318 2233 annos·
2360 2155 2667 2256 praemio
2740 2155 3157 2231 ornabamur
3226 2155 3433 2232 ambo
3450 2189 3469 2245 ;
3558 2181 3737 2255 quae
3804 2161 4364 2235 commemoratio

1330 2281 1562 2354 nescio
1613 2278 1962 2379 quomodo
2010 2279 2083 2351 in
2127 2302 2243 2351 me
2289 2299 2602 2375 quoque,
2652 2275 2911 2374 quippe
2962 2275 3235 2374 aequali
3276 2281 3432 2365 tuo,
3486 2275 3741 2351 excitat
3779 2277 4005 2352 alacre
4046 2278 4221 2353 illud
4257 2280 4362 2354 in-

1336 2399 1618 2498 genium
1645 2458 1664 2488 ,
1718 2421 2070 2473 summum
2113 2395 2289 2470 illud
2335 2394 2647 2470 discendi
2691 2395 3119 2493 docendique
3160 2394 3504 2485 studium,
3542 2395 3731 2496 quod
3761 2398 3836 2471 in
3869 2404 3969 2486 te,
4022 2422 4367 2474 summam

1330 2529 1566 2596 tamen
1630 2543 1862 2594 rerum
1923 2517 2382 2592 humanarum
2435 2514 2965 2590 inconstantiam
3016 2522 3087 2588 et
3129 2514 3520 2590 tristissima
3576 2515 3720 2590 fata
3774 2526 4093 2615 experto,
4146 2517 4366 2592 admi-

1327 2664 1564 2714 ramur
1617 2662 1877 2713 omnes.
1979 2635 2125 2710 Diu
2175 2643 2242 2710 te
2299 2635 2372 2709 in
2427 2633 2846 2710 Academiae
2906 2641 3325 2732 tuorumque
3390 2633 3756 2710 utilitatem
3814 2636 4231 2712 incolumem
4298 2647 4370 2713 et

1329 2767 1652 2859 vegetum
1713 2765 1934 2833 servet
1983 2757 2178 2831 Deus
2229 2756 2396 2855 Opt.
2445 2754 2677 2830 Max.l

1428 3003 1526 3076 Te
1575 3026 1851 3100 quoque
1897 3000 2010 3076 hic
2049 2999 2458 3098 compellare
2508 2998 2747 3085 liceat,
2794 2996 2897 3070 vir
2944 2995 3337 3071 doctissime
3360 2995 3858 3085 Vnamnumffl,
3908 2997 4021 3071 cui
4058 2997 4167 3072 his
4200 2997 4371 3097 ipsis

1329 3121 1578 3197 diebus
1658 3145 1821 3195 cura
1887 3118 2357 3194 Bibliothecae
2435 3124 2711 3190 nostrae
2782 3116 2855 3190 in
2934 3117 3419 3191 Gounonvnar
3490 3115 3719 3190 locum
3797 3117 4127 3192 mandata
4188 3117 4367 3192 fuit:

1326 3239 1810 3337 gravissimum
1863 3263 2026 3312 sane
2081 3261 2340 3312 munus
2360 3295 2380 3325 ,
2441 3235 2632 3334 quod
2670 3235 3125 3334 multiplicem
3171 3235 3521 3311 doctrinae
3566 3237 3833 3336 copiam
3855 3295 3876 3324 ,
3935 3237 4367 3337 diligentiam

1329 3381 1673 3433 summam
1687 3415 1709 3447 ,
1778 3357 2092 3432 animum
2149 3356 2361 3432 etiam
2419 3354 2835 3431 benevolum
2881 3353 3171 3454 requirit
3214 3379 3379 3455 erga
3430 3381 3547 3432 eos
3566 3415 3585 3446 ‚
3657 3381 3953 3456 quorum
3982 3359 4219 3434 'causa
4258 3358 4367 3431 bi·

1326 3475 1672 3552 bliotheca
1714 3484 1950 3552 nostra
1986 3501 2148 3552 cum
2186 3475 2487 3550 maxime
2522 3476 2899 3551 constituta
2932 3483 3058 3551 est.
3140 3476 3240 3550 Te
3268 3476 3611 3575 praefecto
3629 3534 3649 3564 ,
3672 3475 4105 3552 Bibliotheca
4138 3484 4373 3552 nostra

1327 3595 1660 3671 librorum
1731 3597 1930 3696 copia
1985 3604 2058 3671 et
2113 3595 2388 3670 delectu
2455 3603 2755 3694 aptaque
2829 3593 3275 3695 dispositione
3294 3653 3314 3684 ,
3362 3595 3790 3672 visitantium
3840 3595 4366 3672 admirationem

1330 3741 1605 3791 movere
1646 3723 1923 3816 pergat,
1954 3717 2253 3794 maxime
2297 3739 2456 3790 vero
2475 3775 2494 3805 ,
2546 3721 2615 3790 te
2656 3715 3000 3815 praefecto
3020 3773 3041 3803 ,
3089 3714 3523 3790 Bibliotheca
3562 3724 3796 3792 nostra
3845 3716 4084 3791 multis
4100 3774 4119 3804 ‚
4168 3739 4365 3814 prae-

1327 3836 1530 3934 cipue
1576 3835 1842 3910 civibus
1895 3835 2300 3912 academicis
2317 3895 2338 3925 ,
2391 3836 2759 3911 utilitatem
2814 3835 3172 3935 praebeat!
3274 3835 3464 3910 Nam
3515 3843 3599 3911 ut
3648 3833 3867 3910 facilis
3914 3844 4373 3934 promtusque

1328 3954 1415 4028 iis
1463 3955 1554 4029 ad
1603 3955 1813 4029 libros
1863 3961 2133 4030 nostros
2185 3963 2420 4055 pateat
2463 3955 2697 4030 aditus
2720 4012 2740 4043 ,
2802 3961 2927 4030 tua
2986 3954 3427 4054 potissimum
3500 3956 3937 4031 efficiendum
4002 3961 4111 4029 est
4158 3953 4371 4030 bene-

1251 4155 1260 4162 ,
1333 4072 1648 4148 volentia.
1746 4075 1886 4148 Fac
1929 4076 2166 4172 itaque
2179 4133 2200 4162 ,
2251 4075 2353 4149 vir
2395 4072 2829 4149 doctissime!
2885 4080 2965 4147 ut
3000 4074 3073 4148 in
3114 4074 3457 4173 prosperis
3495 4075 3915 4151 Academiae
3954 4073 4115 4149 fatis
4161 4075 4371 4149 etiam

1335 4192 1466 4266 hoc
1497 4215 2028 4267 commemorare
2058 4193 2327 4291 possint
2361 4189 2785 4269 successores
2811 4193 2987 4283 mei,
3008 4201 3079 4268 te
3101 4193 3543 4294 potissimum
3583 4197 4091 4271 Gonnonvnao
4134 4201 4373 4268 nostro

1334 4335 1797 4388 successorem
1845 4310 2088 4388 datum
2133 4313 2322 4386 esse!

1433 4673 1572 4747 Sed
1641 4674 1842 4773 plura
1902 4681 2068 4750 sunt
2132 4673 2247 4751 hic
2301 4676 2902 4750 commemoranda
2961 4699 3140 4775 quae
3184 4683 3395 4775 grato
3455 4700 3619 4778 erga
3682 4677 3916 4751 Deum
3962 4673 4196 4750 animo
4239 4695 4373 4747 nos

1339 4791 1654 4868 afficiant.
1755 4794 2087 4894 Quinque
2155 4802 2226 4870 et
2289 4793 2537 4894 viginti
2599 4802 2763 4870 sunt
2816 4793 3015 4887 anni,
3077 4819 3166 4869 ex
3226 4818 3372 4893 quo
3407 4817 3563 4886 vos,
3624 4792 3983 4870 clarissimi
4026 4789 4377 4890 collegae,
