4934 6184
1773 716 2329 788 ORATIO.
3483 723 3570 793 99

638 935 924 1010 Utinam
970 932 1133 1008 huic
1174 936 1586 1031 argumento
1603 988 1625 1020 ,
1674 930 1867 1030 quod
1910 930 2215 1006 alienum
2260 934 2369 1005 est
2390 953 2435 1005 a
2460 928 2766 1029 partium
2811 928 3061 1005 studia
3081 987 3103 1019 ,
3151 929 3569 1031 reipublicae

538 1078 697 1130 vero
781 1055 985 1155 longe
1068 1052 1515 1128 utilissimum
1536 1109 1556 1140 ,
1625 1050 1907 1127 tandem
1978 1048 2353 1149 aliquando
2422 1074 2702 1151 operam
2778 1050 2899 1125 det
2963 1050 3331 1149 legislator.
3457 1051 3573 1126 Ita

538 1182 972 1251 evanesceret
1032 1196 1313 1274 quoque
1372 1171 1674 1247 absurda
1730 1171 1849 1247 illa
1916 1171 2229 1271 quaestio
2276 1194 2447 1245 num
2470 1228 2490 1260 ,
2553 1169 2848 1245 conditis
2893 1169 3132 1271 legum
3175 1170 3530 1247 codicibus
3547 1230 3570 1263 ‚

542 1296 1019 1395 institutisque
1058 1292 1333 1369 iudiciis
1352 1349 1375 1382 ‚
1422 1315 1599 1393 opus
1633 1290 1723 1366 sit
1748 1290 1977 1368 adhuc
2014 1290 2600 1366 administrativae
2634 1289 2958 1367 iustitiae.
3020 1289 3370 1388 Equidem
3407 1316 3570 1368 con-

540 1414 909 1491 servandos
948 1438 1097 1489 esse
1130 1420 1202 1487 et
1230 1435 1633 1511 supremum
1654 1410 1961 1487 iustitiae
1990 1410 2480 1486 administrum
2519 1417 2594 1484 et
2633 1408 2952 1485 officiales
2985 1409 3138 1485 illos
3154 1469 3174 1500 ,
3205 1410 3331 1509 qui
3363 1412 3571 1488 curiis

543 1542 755 1635 atque
795 1533 1262 1610 tribunalibus
1290 1532 1571 1608 adstant
1573 1590 1607 1644 τ,
1648 1530 1957 1607 iustitiae
1994 1532 2174 1607 bene
2200 1530 2788 1607 administrandae
2814 1530 3243 1629 inspectores
3257 1531 3458 1630 quasi
3499 1540 3572 1607 et

537 1655 859 1730 custodes
875 1711 898 1744 ‚
946 1653 1330 1729 censuerim
1350 1711 1372 1743 ,
1414 1652 1537 1727 sed
1575 1651 1685 1727 his
1710 1651 2117 1728 mandatum
2146 1651 2349 1725 velim
2370 1710 2390 1741 ,
2421 1656 2505 1725 ut
2534 1650 2739 1749 quale
2767 1650 2858 1745 sit
2882 1650 3243 1727 doctorum
3265 1652 3569 1727 virorum

536 1777 625 1850 de
670 1773 941 1874 legibus
984 1773 1323 1849 iudicium
1341 1830 1362 1862 ,
1411 1772 1775 1871 qualisque
1818 1772 2054 1871 legum
2088 1770 2163 1845 in
2192 1770 2508 1870 publicas
2542 1770 2980 1870 privatasque
3019 1795 3130 1847 res
3163 1771 3527 1848 efficacitas
3545 1831 3566 1861 ‚

536 1895 902 1993 diligenter
944 1891 1347 1981 attendant,
1396 1892 1487 1967 de
1528 1916 1613 1968 ea
1654 1914 1731 1966 re
1778 1892 1871 1967 ad
1916 1892 2185 1990 Regem
2226 1890 2565 1980 referant,
2614 1896 2826 1991 atque
2871 1891 2971 1966 ita
3011 1879 3566 1968 emendationem

534 2019 982 2114 praeparent,
1033 2013 1292 2088 lentam
1340 2012 1625 2111 quidem
1677 2010 1869 2087 illam
1882 2066 1905 2101 ,
1956 2010 2080 2087 sed
2128 2011 2202 2085 in
2251 2016 2668 2111 perpetuum
2716 2010 3060 2086 efficacem
3115 2009 3446 2091 futuram.

626 2250 927 2327 Habetis
970 2276 1198 2327 meam
1259 2252 1839 2350 qualemcumque
1876 2250 1965 2325 de
2012 2250 2416 2351 gravissimo
2463 2256 2878 2350 argumento
2921 2250 3336 2327 sententiam
3355 2309 3376 2340 ,
3425 2274 3566 2326 non
3717 2300 3726 2307 -

529 2397 643 2447 ex·
660 2370 927 2447 intimis
970 2371 1137 2447 artis
1173 2371 1375 2470 quasi
1408 2370 1877 2470 penetralibus
1912 2362 2345 2471 depromtam
2368 2427 2389 2460 ‚
2440 2370 2564 2446 sed
2579 2428 2598 2460 ,
2630 2370 2708 2445 ni
2744 2370 2942 2446 fallor
2957 2429 2978 2461 ,
3027 2371 3524 2471 pragmaticam
3546 2430 3566 2461 ,

532 2490 1107 2591 quandoquidem
1154 2490 1331 2566 nihil
1370 2502 1511 2581 est,
1559 2489 1750 2590 quod
1794 2490 2013 2590 pluris
2048 2498 2286 2566 nostra
2326 2490 2655 2580 interest,
2702 2515 2915 2590 quam
2963 2498 3044 2566 ut
3087 2490 3566 2591 probabilibus

530 2620 813 2688 utamur
873 2610 1147 2710 legibus
1169 2668 1191 2700 ,
1261 2610 1452 2709 quod
1514 2611 1613 2687 ita
1664 2616 1941 2687 tantum
2012 2611 2215 2687 nobis
2278 2610 2654 2711 aliquando
2713 2610 3072 2710 continget
3088 2669 3110 2700 ,
3157 2611 3221 2687 si
3271 2634 3564 2687 manum

526 2732 721 2831 operi
760 2730 1124 2806 admovere
1161 2731 1545 2807 audeamus
1564 2787 1584 2820 ,
1632 2736 1845 2831 atque
1884 2732 2339 2808 necessariam
2384 2730 2704 2807 codicum
2747 2730 3301 2807 emendationem
3341 2731 3564 2830 negli-

532 2872 695 2951 gere
736 2850 1158 2927 desinamus.

628 3330 830 3423 Quae
891 3327 983 3402 de
1027 3327 1189 3403 fatis
1235 3326 1651 3403 Academiae
1700 3326 1994 3405 dicenda
2044 3334 2417 3427 supersunt
2454 3352 2786 3429 magnam
2833 3334 3104 3427 partem
3145 3333 3314 3403 sunt
3359 3327 3559 3403 laeta.

530 3447 923 3524 Florentem
948 3447 1401 3524 Academiam
1446 3449 1831 3549 regundam
1876 3450 2147 3549 accepi,
2194 3472 2335 3525 non
2391 3449 2627 3525 minus
2675 3449 3036 3525 florentem
3081 3472 3246 3524 mox
3295 3472 3562 3523 succes·
3715 3488 3720 3494 ·

530 3568 667 3643 sori
707 3567 1091 3648 traditurus
1137 3593 1317 3645 sum.
3373 3668 3377 3671 ‚

622 3687 855 3763 Floret
896 3687 1229 3776 nimirum
1260 3689 1639 3779 Academia
1657 3747 1677 3777 ,
1726 3689 1917 3787 quod
1956 3712 2097 3763 non
2138 3690 2331 3789 parvi
2373 3690 2769 3765 faciendum
2817 3695 2956 3776 est,
2999 3687 3259 3787 insigni
3303 3686 3560 3762 civium

524 3830 819 3883 numero
837 3866 857 3896 ,
928 3815 1011 3882 ut
1060 3808 1189 3884 hoc
1236 3806 1523 3906 quidem
1564 3808 1847 3884 nomine
1897 3808 2073 3883 nihil
2123 3810 2253 3898 sit,
2301 3809 2494 3908 quod
2543 3816 2666 3884 aut
2712 3807 3039 3883 Leidensi
3091 3812 3213 3881 aut
3259 3806 3558 3880 Gronin-

529 3948 749 4026 ganae
794 3926 1213 4003 Academiae
1250 3926 1704 4003 invideamus.
1800 3927 2033 4003 Floret
2066 3928 2239 4004 item
2263 3974 2305 4018 ‚-
2333 3929 2526 4027 quod
2571 3929 2774 4027 longe
2823 3926 3042 4027 pluris
3089 3933 3198 4001 est
3218 3983 3239 4015 ,
3301 3926 3559 4001 civium

526 4044 1098 4122 Academicorum
1160 4046 1472 4123 moribus
1490 4105 1511 4136 ,
1580 4046 1941 4123 honestate
1963 4106 1985 4137 ,
2048 4046 2391 4123 industria
2409 4106 2430 4138 ,
2498 4052 3017 4148 praeceptorum
3083 4045 3519 4121 observantia
3537 4104 3556 4135 ‚

530 4163 919 4239 studiorum
992 4190 1242 4244 amore.
1342 4168 1692 4267 Equidem
1752 4191 1894 4243 non
1957 4167 2020 4243 is
2086 4191 2241 4243 sum
2258 4226 2279 4258 ,
2340 4166 2464 4267 qui
2513 4168 2643 4243 hoc
2706 4193 2748 4243 a
2819 4190 3152 4266 generosa
3195 4167 3556 4242 iuventute

531 4282 877 4381 postulem
897 4342 919 4373 ,
969 4292 1050 4359 ut
1101 4286 1355 4363 chartis
1393 4287 1493 4363 ita
1542 4288 2019 4389 impallescant
2035 4347 2056 4379 ,
2104 4296 2189 4363 ut
2232 4288 2356 4389 qui
2396 4290 2680 4365 iuvenes
2722 4312 2794 4362 se
2844 4296 2994 4363 esse
3043 4286 3556 4374 obliviscantur,

526 4402 697 4503 ipsis
763 4400 1017 4479 studiis
1079 4405 1379 4507 impares
1452 4432 1601 4485 sese
1666 4408 1981 4485 reddant.
2096 4409 2184 4483 In
2250 4410 2502 4486 iuvene
2574 4408 2895 4483 iuvenem
2958 4413 3226 4507 exopto.
3324 4403 3552 4483 Quid-

527 4522 701 4621 quid
760 4523 909 4623 agit
965 4523 1045 4600 id
1098 4525 1299 4603 hilari
1354 4528 1553 4605 vultu
1571 4587 1592 4617 ,
1651 4530 1885 4605 animo
1937 4528 2145 4605 alacri
2196 4536 2399 4629 agat,
2460 4552 2602 4605 non
2651 4528 3008 4603 severitate
3056 4533 3180 4602 aut
3217 4526 3378 4600 ficta
3427 4531 3553 4599 aut

526 4666 774 4743 parum
820 4644 1121 4721 naturali
1136 4702 1159 4735 ‚
1224 4670 1367 4722 non
1426 4647 1771 4724 adfectata
1812 4648 2115 4748 quadam
2162 4655 2234 4722 et
2282 4648 2484 4723 senili
2525 4647 2860 4747 gravitate
2877 4703 2898 4735 ,
2951 4644 3073 4719 sed
3111 4643 3553 4745 *simplicitate

528 4770 600 4838 et
640 4764 947 4864 ingenuo
985 4765 1201 4841 animi
1251 4766 1545 4842 candore
1595 4766 1688 4841 sit
1731 4767 2049 4867 insignis.
2138 4766 2287 4845 Qui
2326 4765 2453 4841 tali
2494 4764 2726 4840 indole
2777 4763 3132 4865 praeditus
3175 4771 3248 4838 et
3302 4762 3550 4863 proba-

526 4882 656 4960 bili
701 4884 1023 4986 iustaque
1068 4886 1507 4965 institutione
1541 4886 1877 4982 formatus
1922 4886 1999 4963 in
2022 4886 2474 4965 Academiam
2521 4911 2598 4963 se
2643 4884 3045 4973 contulerit,
3094 4884 3256 4961 huic
3303 4881 3554 4963 Musae

2973 5008 3065 5081 13
3079 5004 3122 5052 ¹¹*
