4934 6184
1374 705 1503 772 238
2456 700 2524 764 C.
2597 697 2676 764 Μ.
2745 695 3324 762 FRANCKEN

1370 911 1785 1012 quirendum
1805 967 1825 999 ‚
1890 908 1961 982 in
2027 904 2249 1008 poetis
2316 905 2680 980 verborum
2750 904 2852 979 vis
2917 909 2990 978 et
3051 905 3354 1002 potestas
3417 900 3612 976 novis
3675 899 3768 976 sit
3817 925 4020 1002 saepe
4067 907 4404 1006 exemplis

1366 1028 1737 1118 firmanda,
1802 1034 1875 1102 et
1922 1033 2414 1128 argumentum
2460 1023 2786 1100 carminis
2832 1021 3334 1098 enucleandum
3357 1078 3378 1110 ,
3427 1027 3549 1107 ut,
3599 1020 3772 1120 quid
3821 1021 4009 1098 salva
4061 1027 4398 1102 sententia

1366 1149 1587 1249 possit
1634 1147 1877 1224 abesse
1898 1206 1919 1238 ,
1980 1147 2153 1248 quid
2196 1146 2379 1222 iusta
2421 1143 2816 1221 consecutio
2871 1149 2944 1217 et
2993 1141 3202 1217 series
3251 1163 3480 1218 rerum
3523 1141 3864 1242 postulet,
3903 1149 4092 1218 certa
4133 1145 4395 1220 trutina

1364 1267 1803 1368 ponderetur.
1902 1267 2421 1342 Pus-‚annum
2468 1265 2688 1340 dubia
2731 1270 2804 1338 et
2849 1261 3254 1356 ἀθετήσεις
3297 1259 3676 1336 Oannmos
3729 1262 4144 1338 accuratiore
4183 1263 4390 1341 inter·

1366 1387 1748 1487 pretatione
1816 1386 2227 1486 redarguere
2296 1392 2586 1462 conatus
2653 1392 2796 1473 est3
2871 1383 3308 1458 Msnvroms
3381 1379 3738 1456 dialectica
3811 1380 4194 1458 subtilitate
4253 1409 4388 1460 non

1366 1509 1601 1584 minus
1670 1508 1743 1582 in
1821 1507 2227 1606 explicando
2305 1529 2518 1606 quam
2589 1503 3024 1580 emendando
3099 1501 3234 1577 sibi
3301 1501 3642 1576 utendum
3719 1503 4028 1602 putavit3
4098 1511 4172 1578 et
4237 1507 4394 1605 quis

1362 1629 1775 1704 Nmnunan
1816 1651 2023 1726 opera
2064 1627 2377 1727 neglecta
2418 1650 2608 1701 nunc
2647 1626 2739 1700 ad
2775 1623 3056 1698 Lrvnnr
3097 1620 3694 1721 interpretandum
3729 1623 4050 1698 accedere
4093 1624 4392 1700 audeat?

1458 1747 1621 1822 Non
1672 1769 1837 1822 sane
1856 1804 1877 1836 ‚
1925 1747 2083 1821 AA.
2103 1804 2123 1836 ‚
2172 1745 2245 1820 id
2290 1753 2399 1820 est
2438 1743 2914 1845 explicationis
2947 1743 3290 1830 officium,
3341 1749 3427 1816 ut
3469 1741 3742 1816 criticae
3791 1741 4038 1817 vicaria
4085 1743 4216 1832 sit,
4267 1753 4390 1820 aut

1354 1867 1507 1942 eius
1550 1891 1683 1967 ope
1744 1891 1913 1942 sana
1960 1873 2283 1966 corrupta
2304 1924 2323 1954 ‚
2370 1866 2642 1966 integra
2691 1863 2936 1939 mutila
2997 1859 3432 1962 interpretari
3479 1861 3682 1936 nobis
3729 1860 4104 1939 videamur.
4204 1866 4386 1945 Quis

1354 2009 1491 2062 non
1548 2009 1789 2062 eorum
1838 1985 2174 2060 rationem
2226 1984 2605 2084 improbet,
2671 1984 2797 2084 qui
2847 1983 3020 2059 adeo
3065 1982 3373 2081 pendent
3427 2005 3473 2056 a
3519 1979 3712 2054 libris
3767 1981 3962 2058 MSS.
3981 2042 4002 2071 ,
4071 1992 4150 2058 ut
4197 1985 4380 2062 lacu·

1350 2129 1523 2181 nosa
1579 2103 1791 2180 etiam
1838 2111 1911 2180 et
1958 2103 2291 2178 mendosa
2346 2103 2780 2202 interpretari
2827 2107 3164 2178 conentur
3205 2099 3438 2201 potius
3481 2123 3694 2200 quam
3741 2101 3906 2176 vitia
3953 2107 4382 2202 agnoscant?

1350 2223 1413 2298 Ε
1482 2222 1821 2298 contrario
1888 2227 2121 2296 tamen
2195 2221 2363 2298 boni
2424 2229 2536 2296 est
2601 2221 2819 2298 critici
2837 2279 2856 2310 ,
2918 2227 3294 2320 antequam
3346 2219 3440 2296 ad
3491 2219 3996 2296 emendandum
4055 2223 4372 2313 accedat,

1348 2343 1527 2418 bene
1566 2365 1971 2440 persuasum
2020 2339 2276 2414 habere
2295 2399 2316 2428 ,
2367 2339 2598 2416 locum
2639 2364 2777 2415 non
2819 2341 3107 2416 aliorum
3159 2341 3664 2440 comparatione
3709 2341 4182 2441 explicandum
4219 2367 4374 2419 esse

1344 2466 1418 2536 et
1484 2485 1781 2536 errorem
1846 2483 1983 2535 non
2038 2458 2353 2559 scriptori
2404 2461 2528 2536 sed
2577 2460 2870 2536 librariis
2923 2485 3074 2537 esse
3123 2459 3634 2562 imputandum.
3737 2461 3944 2535 Unde
3985 2462 4102 2550 fit,
4145 2471 4226 2537 ut
4269 2463 4374 2538 in-

1342 2581 1766 2684 terpretandi
1818 2605 2151 2658 conamen
2218 2589 2289 2658 et
2334 2581 2800 2658 coniecturam
2850 2579 3250 2683 praecedat,
3306 2587 3378 2654 et
3426 2579 3500 2656 in
3547 2579 3836 2656 aliorum
3881 2581 4376 2658 emendationi·

1340 2703 1477 2779 bus
1524 2701 1963 2806 explorandis
2008 2726 2149 2777 non
2196 2702 2416 2804 possit
2462 2700 2713 2778 omitti.
2813 2701 2926 2776 Ita
2969 2699 3446 2801 interpretatio
3483 2699 4020 2778 fundamentum
4062 2703 4259 2801 quasi
4303 2713 4376 2779 et

1336 2823 1755 2925 principium
1818 2831 1925 2900 est
1988 2821 2472 2899 emendatricis
2543 2821 2834 2896 critices.
2931 2819 3196 2896 Eadem
3261 2827 3494 2896 tamen
3559 2819 3752 2896 aliud
3813 2845 4072 2898 munus
4125 2821 4334 2899 habet
4354 2883 4372 2911 ,

1334 2944 1409 3019 in
1460 2969 1599 3044 quo
1646 2943 1871 3044 magis
1918 2949 2027 3019 est
2080 2942 2190 3018 sui
2236 2941 2428 3020 iuris.
2527 2941 2882 3016 Nimirum
2927 2939 3028 3015 ita
3087 2940 3354 3016 afficere
3416 2937 3626 3016 debet
3682 2940 3968 3018 lectores
4014 2949 4226 3043 atque
4275 2944 4374 3020 af·

1334 3063 1497 3140 fecti
1540 3063 1823 3140 fuerunt
1866 3063 1916 3138 ii
1935 3123 1955 3155 ‚
2004 3087 2181 3164 quos
2226 3061 2518 3162 scriptor
2569 3061 2704 3137 sibi
2751 3061 3038 3137 lectores
3081 3060 3513 3138 auditor-esve
3551 3059 3902 3160 cogitabat
3943 3069 4068 3139 aut
4107 3061 4372 3138 deside-

1329 3182 1533 3260 rabat
1552 3243 1573 3274 ,
1640 3209 1859 3283 eaque
1911 3183 2152 3260 afferre
2214 3206 2394 3284 quae
2456 3181 2596 3257 illis
2645 3188 2810 3257 nota
2855 3188 2925 3255 et
2975 3185 3334 3282 perspecta
3393 3188 3628 3270 erant3
3689 3187 3816 3256 aut
3832 3239 3853 3271 ‚
3899 3183 4090 3282 quod
4139 3184 4336 3260 aiunt
4351 3243 4371 3272 ,

1334 3327 1421 3374 ex
1472 3301 1757 3376 historia
1804 3311 2081 3402 poetam
2130 3303 2618 3402 scriptoremve
2663 3301 3028 3376 illustrare.
3145 3303 3348 3380 Quae
3399 3305 3630 3374 tamen
3689 3325 3896 3401 opera
3953 3327 4168 3402 quum
4231 3327 4366 3378 non

1330 3418 1836 3519 philologorum
1904 3445 2113 3494 causa
2179 3421 2628 3518 suscipiatur,
2699 3420 2822 3519 qui
2889 3420 3058 3495 satis
3120 3419 3254 3519 ipsi
3311 3445 3354 3495 a
3417 3417 3746 3494 subsidiis
3796 3427 3919 3494 aut
3976 3421 4358 3497 eruditione

1328 3538 1649 3615 instructi
1694 3562 1845 3612 esse
1882 3536 2176 3626 debent,
2231 3546 2309 3613 ut
2344 3539 2457 3613 hic
2487 3539 2634 3612 sine
2675 3539 2926 3615 cortice
2972 3546 3252 3628 natent,
3283 3541 3372 3614 de
3421 3538 3550 3617 hoc
3585 3545 3983 3640 argumento
4023 3563 4210 3614 nunc
4251 3541 4356 3614 di-

1324 3683 1476 3736 cere
1515 3657 1931 3762 supersedeo
1944 3717 1965 3746 ,
1998 3682 2221 3758 quum
2260 3660 2666 3758 praesertim
2705 3684 2938 3736 verear
2953 3711 2978 3752 ,
3009 3683 3098 3735 ne
3125 3669 3350 3736 vestra
3381 3659 3520 3736 iam
3553 3659 3880 3758 patientia
3913 3658 4174 3735 abusus
4201 3661 4353 3737 sim.

1420 3777 1562 3852 Sed
1626 3775 1883 3852 sensim
1950 3775 2091 3851 iam
2152 3775 2373 3852 oratio
2430 3775 2712 3878 delapsa
2761 3785 2870 3852 est
2916 3777 3010 3854 ad
3071 3801 3228 3854 eam
3287 3778 3702 3880 philologiae
3751 3787 4014 3879 partem
4037 3837 4056 3867 ‚
4105 3805 4315 3879 quam
4341 3840 4360 3869 ,

1324 3901 1405 3970 ut
1450 3903 1557 3970 est
1575 3955 1595 3984 ,
1643 3897 1743 3972 ita
1785 3895 2025 3972 haberi
2070 3893 2391 3972 convenit
2431 3895 2698 3996 ingenii
2741 3895 3260 3997 exploratricem
3302 3903 3374 3973 et
3423 3897 3624 3996 quasi
3667 3905 3933 3986 cotem3
3995 3898 4068 3972 in
4115 3922 4257 3997 qua
4301 3899 4360 3974 si

1322 4010 1613 4086 eandem
1676 4012 2063 4088 libertatem
2124 4012 2482 4088 iudicandi
2536 4037 2726 4090 nunc
2773 4037 3060 4114 regnare
3119 4015 3356 4092 dixero
3373 4074 3394 4106 ‚
3441 4041 3622 4116 quae
3673 4017 3764 4093 ad
3813 4017 4360 4117 interpretandos

1320 4139 1391 4204 et
1446 4128 1911 4206 aestimandos
1970 4139 2235 4207 veteres
2280 4133 2596 4208 adhiberi
2637 4133 2926 4226 debeat,
2978 4159 3178 4236 spero
3227 4135 3372 4212 fore
3419 4145 3500 4213 ut
3549 4147 3850 4214 vestrum
3899 4161 4309 4214 consensum
4331 4195 4352 4226 ‚

1316 4251 1475 4326 AA.
1493 4309 1513 4338 ,
1578 4248 1953 4326 obtineam.
2053 4251 2335 4326 Etenim
2384 4277 2467 4327 ea
2531 4252 2847 4330 libertate
2909 4253 3050 4330 iam
3115 4255 3388 4333 dudum
3459 4258 3830 4334 exsultavit
3893 4258 4310 4334 Bau-rums
4332 4316 4353 4345 ‚

1318 4394 1535 4471 quum
1600 4369 1935 4466 alicubi1)
2002 4400 2037 4441 n
2058 4371 2393 4448 rationem
2458 4371 2596 4448 sibi
2644 4381 2716 4450 et
2757 4397 2868 4449 res
2908 4374 3096 4475 ipsas
3139 4383 3423 4455 centum
3464 4377 3818 4454 codicibus
3855 4378 4214 4478 potiores”
4245 4377 4352 4451 di-

1314 4498 1518 4567 ceret.
1618 4491 1915 4568 Nostrae
1968 4515 2129 4568 vero
2180 4491 2427 4568 aetatis
2487 4492 2706 4570 critici
2753 4493 2884 4572 hoc
2945 4495 3020 4572 in
3073 4521 3324 4597 genere
3370 4497 3444 4574 in
3497 4497 3766 4576 diversa
3821 4497 4010 4575 abire
4055 4505 4348 4596 possunt

1314 4609 1560 4700 videri,
1608 4636 1829 4712 quum
1876 4612 2127 4714 partim
2173 4619 2357 4688 totos
2398 4637 2638 4691 versus
2697 4623 2770 4692 et
2819 4617 3196 4694 sententias
3257 4618 3406 4694 sine
3447 4617 3852 4696 auctoritate
3907 4617 4182 4694 eiiciant
4198 4675 4218 4705 ,
4266 4625 4344 4690 ut

1402 4864 1454 4942 ¹)
1495 4867 1583 4928 Ad
1626 4869 1835 4932 Horat.
1884 4875 2061 4936 Cam.
2102 4873 2216 4936 111.
2261 4879 2357 4942 27.
2402 4881 2498 4940 15.
