<?xml version="1.0" encoding="UTF-8"?>
<!DOCTYPE html PUBLIC "-//W3C//DTD XHTML 1.0 Transitional//EN"
    "http://www.w3.org/TR/xhtml1/DTD/xhtml1-transitional.dtd">
<html xmlns="http://www.w3.org/1999/xhtml" xml:lang="en" lang="en">
 <head>
  <title>
</title>
<meta http-equiv="Content-Type" content="text/html;charset=utf-8" />
  <meta name='ocr-system' content='tesseract 3.04.00' />
  <meta name='ocr-capabilities' content='ocr_page ocr_carea ocr_par ocr_line ocrx_word'/>
</head>
<body>
  <div class='ocr_page' id='page_1' title='image "annalesacademic37unkngoog_0236.png"; bbox 0 0 4934 6184; ppageno 0'>
   <div class='ocr_carea' id='block_1_1' title="bbox 1344 677 3302 754">
    <p class='ocr_par' dir='ltr' id='par_1_1' title="bbox 1344 677 3302 754">
     <span class='ocr_line' id='line_1_1' title="bbox 1344 677 3302 754; baseline -0.004 -2"><span class='ocrx_word' id='word_1_1' title='bbox 1344 687 1473 754; x_wconf 79' lang='lat'><strong>226</strong></span> <span class='ocrx_word' id='word_1_2' title='bbox 2426 678 2495 745; x_wconf 90' lang='lat' dir='ltr'><strong>C.</strong></span> <span class='ocrx_word' id='word_1_3' title='bbox 2569 677 2646 746; x_wconf 72' lang='lat' dir='ltr'><strong>M.</strong></span> <span class='ocrx_word' id='word_1_4' title='bbox 2715 677 3302 746; x_wconf 72' lang='lat' dir='ltr'>FRANCKEN</span> 
     </span>
    </p>
   </div>
   <div class='ocr_carea' id='block_1_2' title="bbox 1324 881 4389 4470">
    <p class='ocr_par' dir='ltr' id='par_1_2' title="bbox 1330 881 4389 1708">
     <span class='ocr_line' id='line_1_2' title="bbox 1336 881 4381 986; baseline -0.002 -19"><span class='ocrx_word' id='word_1_5' title='bbox 1336 895 1675 967; x_wconf 86' lang='lat' dir='ltr'><strong>Graecam</strong></span> <span class='ocrx_word' id='word_1_6' title='bbox 1734 893 1809 962; x_wconf 91' lang='lat' dir='ltr'><strong>et</strong></span> <span class='ocrx_word' id='word_1_7' title='bbox 1866 883 2191 964; x_wconf 70' lang='lat' dir='ltr'><strong>latinam</strong></span> <span class='ocrx_word' id='word_1_8' title='bbox 2252 883 2570 986; x_wconf 79' lang='lat' dir='ltr'><strong>linguam</strong></span> <span class='ocrx_word' id='word_1_9' title='bbox 2627 907 2768 962; x_wconf 88' lang='lat' dir='ltr'><strong>non</strong></span> <span class='ocrx_word' id='word_1_10' title='bbox 2815 891 3180 977; x_wconf 79' lang='lat' dir='ltr'><strong>noverant,</strong></span> <span class='ocrx_word' id='word_1_11' title='bbox 3225 883 3448 960; x_wconf 87' lang='lat' dir='ltr'><strong>multa</strong></span> <span class='ocrx_word' id='word_1_12' title='bbox 3493 882 3570 960; x_wconf 86' lang='lat' dir='ltr'><strong>in</strong></span> <span class='ocrx_word' id='word_1_13' title='bbox 3617 883 3846 960; x_wconf 90' lang='lat' dir='ltr'><strong>lucem</strong></span> <span class='ocrx_word' id='word_1_14' title='bbox 3901 881 4381 982; x_wconf 84' lang='lat' dir='ltr'><strong>protulerant,</strong></span> 
     </span>
     <span class='ocr_line' id='line_1_3' title="bbox 1338 1003 4386 1110; baseline -0.002 -24"><span class='ocrx_word' id='word_1_15' title='bbox 1338 1031 1519 1110; x_wconf 83' lang='lat' dir='ltr'><strong>quae</strong></span> <span class='ocrx_word' id='word_1_16' title='bbox 1560 1004 1825 1084; x_wconf 87' lang='lat' dir='ltr'><strong>nemini</strong></span> <span class='ocrx_word' id='word_1_17' title='bbox 1866 1005 2155 1108; x_wconf 89' lang='lat' dir='ltr'><strong>impune</strong></span> <span class='ocrx_word' id='word_1_18' title='bbox 2194 1003 2447 1082; x_wconf 87' lang='lat' dir='ltr'><strong>licebat</strong></span> <span class='ocrx_word' id='word_1_19' title='bbox 2487 1005 2824 1106; x_wconf 81' lang='lat' dir='ltr'><strong>ignorare.</strong></span> <span class='ocrx_word' id='word_1_20' title='bbox 2911 1005 3090 1084; x_wconf 92' lang='lat' dir='ltr'><strong>Inde</strong></span> <span class='ocrx_word' id='word_1_21' title='bbox 3133 1003 3308 1106; x_wconf 88' lang='lat' dir='ltr'><strong>quid</strong></span> <span class='ocrx_word' id='word_1_22' title='bbox 3347 1003 3612 1082; x_wconf 78' lang='lat' dir='ltr'><strong>factum</strong></span> <span class='ocrx_word' id='word_1_23' title='bbox 3657 1003 3791 1094; x_wconf 89' lang='lat' dir='ltr'><strong>sit,</strong></span> <span class='ocrx_word' id='word_1_24' title='bbox 3829 1003 4100 1080; x_wconf 82' lang='lat' dir='ltr'><strong>videtis.</strong></span> <span class='ocrx_word' id='word_1_25' title='bbox 4203 1004 4386 1080; x_wconf 81' lang='lat' dir='ltr'><strong>Eru-</strong></span> 
     </span>
     <span class='ocr_line' id='line_1_4' title="bbox 1336 1123 4389 1226; baseline -0.001 -22"><span class='ocrx_word' id='word_1_26' title='bbox 1336 1127 1473 1204; x_wconf 89' lang='lat' dir='ltr'><strong>diti</strong></span> <span class='ocrx_word' id='word_1_27' title='bbox 1508 1125 1717 1204; x_wconf 87' lang='lat' dir='ltr'><strong>hodie</strong></span> <span class='ocrx_word' id='word_1_28' title='bbox 1756 1149 1899 1202; x_wconf 92' lang='lat' dir='ltr'><strong>non</strong></span> <span class='ocrx_word' id='word_1_29' title='bbox 1940 1133 2087 1202; x_wconf 89' lang='lat' dir='ltr'><strong>tam</strong></span> <span class='ocrx_word' id='word_1_30' title='bbox 2132 1125 2317 1202; x_wconf 85' lang='lat' dir='ltr'><strong>cives</strong></span> <span class='ocrx_word' id='word_1_31' title='bbox 2360 1134 2530 1202; x_wconf 92' lang='lat' dir='ltr'><strong>sunt</strong></span> <span class='ocrx_word' id='word_1_32' title='bbox 2571 1124 2990 1226; x_wconf 88' lang='lat' dir='ltr'><strong>reipublicae</strong></span> <span class='ocrx_word' id='word_1_33' title='bbox 3033 1125 3377 1202; x_wconf 70' lang='lat' dir='ltr'><strong>litteratae</strong></span> <span class='ocrx_word' id='word_1_34' title='bbox 3395 1181 3418 1217; x_wconf 96' lang='lat'><strong>,</strong></span> <span class='ocrx_word' id='word_1_35' title='bbox 3463 1147 3678 1226; x_wconf 86' lang='lat' dir='ltr'><strong>quam</strong></span> <span class='ocrx_word' id='word_1_36' title='bbox 3725 1147 3893 1200; x_wconf 85' lang='lat' dir='ltr'><strong>suae</strong></span> <span class='ocrx_word' id='word_1_37' title='bbox 3935 1123 4232 1200; x_wconf 83' lang='lat' dir='ltr'><strong>civitatis</strong></span> <span class='ocrx_word' id='word_1_38' title='bbox 4243 1157 4266 1214; x_wconf 80' lang='lat'>3</span> <span class='ocrx_word' id='word_1_39' title='bbox 4313 1133 4389 1200; x_wconf 91' lang='lat' dir='ltr'><strong>et</strong></span> 
     </span>
     <span class='ocr_line' id='line_1_5' title="bbox 1332 1240 4388 1346; baseline -0.001 -22"><span class='ocrx_word' id='word_1_40' title='bbox 1332 1247 1664 1324; x_wconf 85' lang='lat' dir='ltr'><strong>distracta</strong></span> <span class='ocrx_word' id='word_1_41' title='bbox 1724 1245 1844 1324; x_wconf 88' lang='lat' dir='ltr'><strong>illa</strong></span> <span class='ocrx_word' id='word_1_42' title='bbox 1896 1244 2221 1324; x_wconf 84' lang='lat' dir='ltr'><strong>societate</strong></span> <span class='ocrx_word' id='word_1_43' title='bbox 2282 1251 2409 1322; x_wconf 89' lang='lat' dir='ltr'><strong>aut</strong></span> <span class='ocrx_word' id='word_1_44' title='bbox 2470 1243 2922 1335; x_wconf 72' lang='lat' dir='ltr'><strong>labefactata,</strong></span> <span class='ocrx_word' id='word_1_45' title='bbox 2999 1241 3390 1320; x_wconf 90' lang='lat' dir='ltr'><strong>communis</strong></span> <span class='ocrx_word' id='word_1_46' title='bbox 3447 1243 3726 1344; x_wconf 83' lang='lat' dir='ltr'><strong>lingua,</strong></span> <span class='ocrx_word' id='word_1_47' title='bbox 3799 1268 3941 1346; x_wconf 87' lang='lat' dir='ltr'><strong>qua</strong></span> <span class='ocrx_word' id='word_1_48' title='bbox 3991 1240 4176 1320; x_wconf 84' lang='lat' dir='ltr'><strong>cives</strong></span> <span class='ocrx_word' id='word_1_49' title='bbox 4216 1243 4388 1320; x_wconf 92' lang='lat' dir='ltr'><strong>clim</strong></span> 
     </span>
     <span class='ocr_line' id='line_1_6' title="bbox 1330 1362 4380 1466; baseline -0.001 -22"><span class='ocrx_word' id='word_1_50' title='bbox 1330 1367 1515 1444; x_wconf 89' lang='lat' dir='ltr'><strong>inter</strong></span> <span class='ocrx_word' id='word_1_51' title='bbox 1558 1391 1634 1442; x_wconf 91' lang='lat' dir='ltr'><strong>se</strong></span> <span class='ocrx_word' id='word_1_52' title='bbox 1676 1366 2055 1444; x_wconf 89' lang='lat' dir='ltr'><strong>utebantur</strong></span> <span class='ocrx_word' id='word_1_53' title='bbox 2070 1423 2093 1456; x_wconf 89' lang='lat'><strong>,</strong></span> <span class='ocrx_word' id='word_1_54' title='bbox 2136 1363 2455 1466; x_wconf 80' lang='lat' dir='ltr'><strong>neglecta</strong></span> <span class='ocrx_word' id='word_1_55' title='bbox 2491 1365 2708 1458; x_wconf 89' lang='lat' dir='ltr'><strong>iacet,</strong></span> <span class='ocrx_word' id='word_1_56' title='bbox 2749 1389 2972 1466; x_wconf 90' lang='lat' dir='ltr'><strong>eoque</strong></span> <span class='ocrx_word' id='word_1_57' title='bbox 3014 1365 3168 1464; x_wconf 88' lang='lat' dir='ltr'><strong>ipso</strong></span> <span class='ocrx_word' id='word_1_58' title='bbox 3211 1372 3409 1442; x_wconf 89' lang='lat' dir='ltr'><strong>tanto</strong></span> <span class='ocrx_word' id='word_1_59' title='bbox 3443 1363 3852 1466; x_wconf 73' lang='lat' dir='ltr'><strong>impeditius</strong></span> <span class='ocrx_word' id='word_1_60' title='bbox 3895 1371 4007 1440; x_wconf 87' lang='lat' dir='ltr'><strong>est</strong></span> <span class='ocrx_word' id='word_1_61' title='bbox 4043 1362 4132 1439; x_wconf 91' lang='lat' dir='ltr'><strong>de</strong></span> <span class='ocrx_word' id='word_1_62' title='bbox 4172 1363 4380 1440; x_wconf 86' lang='lat' dir='ltr'><strong>rebus</strong></span> 
     </span>
     <span class='ocr_line' id='line_1_7' title="bbox 1331 1483 4386 1590; baseline -0.001 -26"><span class='ocrx_word' id='word_1_63' title='bbox 1331 1487 1425 1564; x_wconf 90' lang='lat' dir='ltr'><strong>ab</strong></span> <span class='ocrx_word' id='word_1_64' title='bbox 1480 1487 1899 1588; x_wconf 80' lang='lat' dir='ltr'><strong>antiquitate</strong></span> <span class='ocrx_word' id='word_1_65' title='bbox 1956 1485 2201 1564; x_wconf 85' lang='lat' dir='ltr'><strong>alienis</strong></span> <span class='ocrx_word' id='word_1_66' title='bbox 2270 1485 2628 1590; x_wconf 85' lang='lat' dir='ltr'><strong>disputare</strong></span> <span class='ocrx_word' id='word_1_67' title='bbox 2691 1494 2818 1562; x_wconf 87' lang='lat' dir='ltr'><strong>aut</strong></span> <span class='ocrx_word' id='word_1_68' title='bbox 2877 1484 3218 1576; x_wconf 87' lang='lat' dir='ltr'><strong>scribere,</strong></span> <span class='ocrx_word' id='word_1_69' title='bbox 3273 1493 3401 1574; x_wconf 89' lang='lat' dir='ltr'><strong>ut,</strong></span> <span class='ocrx_word' id='word_1_70' title='bbox 3465 1484 3785 1584; x_wconf 82' lang='lat' dir='ltr'><strong>quamvis</strong></span> <span class='ocrx_word' id='word_1_71' title='bbox 3832 1483 4168 1560; x_wconf 82' lang='lat' dir='ltr'><strong>laudandi</strong></span> <span class='ocrx_word' id='word_1_72' title='bbox 4215 1483 4386 1574; x_wconf 85' lang='lat' dir='ltr'><strong>sint,</strong></span> 
     </span>
     <span class='ocr_line' id='line_1_8' title="bbox 1332 1605 3891 1708; baseline -0.001 -24"><span class='ocrx_word' id='word_1_73' title='bbox 1332 1608 1459 1708; x_wconf 91' lang='lat' dir='ltr'><strong>qui</strong></span> <span class='ocrx_word' id='word_1_74' title='bbox 1500 1615 1839 1708; x_wconf 79' lang='lat' dir='ltr'><strong>possunt,</strong></span> <span class='ocrx_word' id='word_1_75' title='bbox 1882 1615 2119 1686; x_wconf 87' lang='lat' dir='ltr'><strong>tamen</strong></span> <span class='ocrx_word' id='word_1_76' title='bbox 2160 1606 2240 1684; x_wconf 89' lang='lat' dir='ltr'><strong>id</strong></span> <span class='ocrx_word' id='word_1_77' title='bbox 2278 1607 2371 1684; x_wconf 90' lang='lat' dir='ltr'><strong>ab</strong></span> <span class='ocrx_word' id='word_1_78' title='bbox 2414 1605 2746 1682; x_wconf 88' lang='lat' dir='ltr'><strong>omnibus</strong></span> <span class='ocrx_word' id='word_1_79' title='bbox 2791 1605 3202 1707; x_wconf 86' lang='lat' dir='ltr'><strong>postulare</strong></span> <span class='ocrx_word' id='word_1_80' title='bbox 3179 1605 3516 1708; x_wconf 75' lang='lat' dir='ltr'><strong>iniquum</strong></span> <span class='ocrx_word' id='word_1_81' title='bbox 3561 1605 3891 1682; x_wconf 85' lang='lat' dir='ltr'><strong>videatur.</strong></span> 
     </span>
    </p>

    <p class='ocr_par' dir='ltr' id='par_1_3' title="bbox 1324 1723 4386 4470">
     <span class='ocr_line' id='line_1_9' title="bbox 1432 1723 4384 1831; baseline -0.001 -27"><span class='ocrx_word' id='word_1_82' title='bbox 1432 1727 1803 1831; x_wconf 72' lang='lat' dir='ltr'><strong>Suspicor,</strong></span> <span class='ocrx_word' id='word_1_83' title='bbox 1866 1729 2068 1820; x_wconf 83' lang='lat' dir='ltr'><strong>AA.,</strong></span> <span class='ocrx_word' id='word_1_84' title='bbox 2132 1727 2417 1806; x_wconf 78' lang='lat' dir='ltr'><strong>futuros</strong></span> <span class='ocrx_word' id='word_1_85' title='bbox 2468 1727 2594 1827; x_wconf 89' lang='lat' dir='ltr'><strong>qui</strong></span> <span class='ocrx_word' id='word_1_86' title='bbox 2643 1735 2982 1826; x_wconf 88' lang='lat' dir='ltr'><strong>quaerant</strong></span> <span class='ocrx_word' id='word_1_87' title='bbox 3031 1725 3289 1804; x_wconf 82' lang='lat' dir='ltr'><strong>satisne</strong></span> <span class='ocrx_word' id='word_1_88' title='bbox 3340 1724 3722 1802; x_wconf 86' lang='lat' dir='ltr'><strong>commodis</strong></span> <span class='ocrx_word' id='word_1_89' title='bbox 3779 1725 3932 1800; x_wconf 87' lang='lat' dir='ltr'><strong>eius</strong></span> <span class='ocrx_word' id='word_1_90' title='bbox 3979 1723 4384 1828; x_wconf 83' lang='lat' dir='ltr'><strong>disciplinae</strong></span> 
     </span>
     <span class='ocr_line' id='line_1_10' title="bbox 1330 1845 4384 1950; baseline -0.002 -24"><span class='ocrx_word' id='word_1_91' title='bbox 1330 1849 1785 1950; x_wconf 75' lang='lat' dir='ltr'><strong>prospiciam,</strong></span> <span class='ocrx_word' id='word_1_92' title='bbox 1832 1848 2036 1926; x_wconf 87' lang='lat' dir='ltr'><strong>cuius</strong></span> <span class='ocrx_word' id='word_1_93' title='bbox 2082 1871 2295 1926; x_wconf 85' lang='lat' dir='ltr'><strong>causa</strong></span> <span class='ocrx_word' id='word_1_94' title='bbox 2344 1847 2522 1924; x_wconf 87' lang='lat' dir='ltr'><strong>mihi</strong></span> <span class='ocrx_word' id='word_1_95' title='bbox 2564 1871 2692 1950; x_wconf 93' lang='lat' dir='ltr'><strong>pro</strong></span> <span class='ocrx_word' id='word_1_96' title='bbox 2735 1847 2998 1924; x_wconf 83' lang='lat' dir='ltr'><strong>viribus</strong></span> <span class='ocrx_word' id='word_1_97' title='bbox 3049 1847 3312 1925; x_wconf 87' lang='lat' dir='ltr'><strong>tuenda</strong></span> <span class='ocrx_word' id='word_1_98' title='bbox 3357 1846 3685 1946; x_wconf 87' lang='lat' dir='ltr'><strong>imposita</strong></span> <span class='ocrx_word' id='word_1_99' title='bbox 3731 1853 3861 1923; x_wconf 89' lang='lat' dir='ltr'><strong>est.</strong></span> <span class='ocrx_word' id='word_1_100' title='bbox 3959 1845 4038 1920; x_wconf 90' lang='lat' dir='ltr'><strong>Si</strong></span> <span class='ocrx_word' id='word_1_101' title='bbox 4089 1847 4384 1922; x_wconf 86' lang='lat' dir='ltr'><strong>auctori-</strong></span> 
     </span>
     <span class='ocr_line' id='line_1_11' title="bbox 1330 1965 4386 2072; baseline -0.001 -26"><span class='ocrx_word' id='word_1_102' title='bbox 1330 1969 1599 2046; x_wconf 84' lang='lat' dir='ltr'><strong>tatibus</strong></span> <span class='ocrx_word' id='word_1_103' title='bbox 1656 1968 2119 2072; x_wconf 84' lang='lat' dir='ltr'><strong>pugnandum</strong></span> <span class='ocrx_word' id='word_1_104' title='bbox 2178 1975 2323 2058; x_wconf 79' lang='lat' dir='ltr'><strong>est,</strong></span> <span class='ocrx_word' id='word_1_105' title='bbox 2388 1967 2552 2044; x_wconf 88' lang='lat' dir='ltr'><strong>licet</strong></span> <span class='ocrx_word' id='word_1_106' title='bbox 2615 1967 2794 2044; x_wconf 89' lang='lat' dir='ltr'><strong>mihi</strong></span> <span class='ocrx_word' id='word_1_107' title='bbox 2848 1967 2994 2045; x_wconf 91' lang='lat' dir='ltr'><strong>duo</strong></span> <span class='ocrx_word' id='word_1_108' title='bbox 3039 1967 3324 2044; x_wconf 88' lang='lat' dir='ltr'><strong>nomina</strong></span> <span class='ocrx_word' id='word_1_109' title='bbox 3375 1965 3714 2065; x_wconf 80' lang='lat' dir='ltr'><strong>proferre,</strong></span> <span class='ocrx_word' id='word_1_110' title='bbox 3761 1989 3942 2064; x_wconf 88' lang='lat' dir='ltr'><strong>quae</strong></span> <span class='ocrx_word' id='word_1_111' title='bbox 4003 1966 4386 2042; x_wconf 85' lang='lat' dir='ltr'><strong>multorum</strong></span> 
     </span>
     <span class='ocr_line' id='line_1_12' title="bbox 1328 2083 4386 2186; baseline -0.002 -20"><span class='ocrx_word' id='word_1_112' title='bbox 1328 2091 1551 2166; x_wconf 87' lang='lat' dir='ltr'><strong>instar</strong></span> <span class='ocrx_word' id='word_1_113' title='bbox 1604 2099 1813 2178; x_wconf 86' lang='lat' dir='ltr'><strong>sunt,</strong></span> <span class='ocrx_word' id='word_1_114' title='bbox 1860 2088 2455 2166; x_wconf 69' lang='lat' dir='ltr'><strong>Wmmacnu</strong></span> <span class='ocrx_word' id='word_1_115' title='bbox 2507 2095 2580 2164; x_wconf 90' lang='lat' dir='ltr'><strong>et</strong></span> <span class='ocrx_word' id='word_1_116' title='bbox 2629 2089 3034 2166; x_wconf 71' lang='lat' dir='ltr'><strong>Manvrou.</strong></span> <span class='ocrx_word' id='word_1_117' title='bbox 3135 2089 3450 2180; x_wconf 90' lang='lat' dir='ltr'><strong>Quorum</strong></span> <span class='ocrx_word' id='word_1_118' title='bbox 3507 2085 3682 2162; x_wconf 87' lang='lat' dir='ltr'><strong>alter</strong></span> <span class='ocrx_word' id='word_1_119' title='bbox 3739 2085 3882 2160; x_wconf 87' lang='lat' dir='ltr'><strong>iam</strong></span> <span class='ocrx_word' id='word_1_120' title='bbox 3925 2083 4179 2161; x_wconf 80' lang='lat' dir='ltr'><strong>abhinc</strong></span> <span class='ocrx_word' id='word_1_121' title='bbox 4231 2111 4386 2186; x_wconf 89' lang='lat' dir='ltr'><strong>sep-</strong></span> 
     </span>
     <span class='ocr_line' id='line_1_13' title="bbox 1328 2204 4382 2310; baseline -0.001 -26"><span class='ocrx_word' id='word_1_122' title='bbox 1328 2210 1653 2310; x_wconf 77' lang='lat' dir='ltr'><strong>tuaginta</strong></span> <span class='ocrx_word' id='word_1_123' title='bbox 1699 2207 1903 2284; x_wconf 82' lang='lat' dir='ltr'><strong>annis</strong></span> <span class='ocrx_word' id='word_1_124' title='bbox 1950 2207 2301 2308; x_wconf 82' lang='lat' dir='ltr'><strong>perspexit</strong></span> <span class='ocrx_word' id='word_1_125' title='bbox 2317 2263 2339 2298; x_wconf 93' lang='lat'><strong>,</strong></span> <span class='ocrx_word' id='word_1_126' title='bbox 2402 2207 2654 2284; x_wconf 89' lang='lat' dir='ltr'><strong>Latine</strong></span> <span class='ocrx_word' id='word_1_127' title='bbox 2705 2209 3052 2286; x_wconf 86' lang='lat' dir='ltr'><strong>scribendi</strong></span> <span class='ocrx_word' id='word_1_128' title='bbox 3125 2209 3528 2286; x_wconf 79' lang='lat' dir='ltr'><strong>facultatem</strong></span> <span class='ocrx_word' id='word_1_129' title='bbox 3575 2205 3668 2282; x_wconf 89' lang='lat' dir='ltr'><strong>ab</strong></span> <span class='ocrx_word' id='word_1_130' title='bbox 3723 2204 4002 2282; x_wconf 86' lang='lat' dir='ltr'><strong>aliarum</strong></span> <span class='ocrx_word' id='word_1_131' title='bbox 4071 2205 4382 2304; x_wconf 81' lang='lat' dir='ltr'><strong>discipli-</strong></span> 
     </span>
     <span class='ocr_line' id='line_1_14' title="bbox 1326 2324 4382 2430; baseline -0.001 -26"><span class='ocrx_word' id='word_1_132' title='bbox 1326 2351 1579 2405; x_wconf 90' lang='lat' dir='ltr'><strong>narum</strong></span> <span class='ocrx_word' id='word_1_133' title='bbox 1640 2326 2155 2406; x_wconf 75' lang='lat' dir='ltr'><strong>Profeasoribus</strong></span> <span class='ocrx_word' id='word_1_134' title='bbox 2215 2350 2357 2404; x_wconf 89' lang='lat' dir='ltr'><strong>non</strong></span> <span class='ocrx_word' id='word_1_135' title='bbox 2408 2351 2562 2404; x_wconf 86' lang='lat' dir='ltr'><strong>esse</strong></span> <span class='ocrx_word' id='word_1_136' title='bbox 2609 2335 2734 2404; x_wconf 90' lang='lat' dir='ltr'><strong>aut</strong></span> <span class='ocrx_word' id='word_1_137' title='bbox 2783 2329 3278 2430; x_wconf 73' lang='lat' dir='ltr'><strong>postulandam</strong></span> <span class='ocrx_word' id='word_1_138' title='bbox 3321 2336 3448 2406; x_wconf 89' lang='lat' dir='ltr'><strong>aut</strong></span> <span class='ocrx_word' id='word_1_139' title='bbox 3505 2325 4028 2426; x_wconf 79' lang='lat' dir='ltr'><strong>exspectandam</strong></span> <span class='ocrx_word' id='word_1_140' title='bbox 4039 2327 4100 2416; x_wconf 86' lang='grc' dir='ltr'><strong>ι)</strong></span> <span class='ocrx_word' id='word_1_141' title='bbox 4133 2357 4152 2414; x_wconf 89' lang='lat'>;</span> <span class='ocrx_word' id='word_1_142' title='bbox 4199 2324 4382 2400; x_wconf 86' lang='lat' dir='ltr'><strong>alter</strong></span> 
     </span>
     <span class='ocr_line' id='line_1_15' title="bbox 1330 2445 4380 2550; baseline -0.001 -25"><span class='ocrx_word' id='word_1_143' title='bbox 1330 2471 1607 2525; x_wconf 89' lang='lat' dir='ltr'><strong>omnem</strong></span> <span class='ocrx_word' id='word_1_144' title='bbox 1657 2447 1951 2526; x_wconf 68' lang='lat' dir='ltr'><strong>latinae</strong></span> <span class='ocrx_word' id='word_1_145' title='bbox 1996 2447 2329 2526; x_wconf 81' lang='lat' dir='ltr'><strong>orationis</strong></span> <span class='ocrx_word' id='word_1_146' title='bbox 2380 2448 2954 2526; x_wconf 82' lang='lat' dir='ltr'><strong>exercitationem</strong></span> <span class='ocrx_word' id='word_1_147' title='bbox 2999 2473 3142 2527; x_wconf 89' lang='lat' dir='ltr'><strong>non</strong></span> <span class='ocrx_word' id='word_1_148' title='bbox 3185 2473 3388 2550; x_wconf 84' lang='lat' dir='ltr'><strong>posse</strong></span> <span class='ocrx_word' id='word_1_149' title='bbox 3441 2447 3648 2526; x_wconf 86' lang='lat' dir='ltr'><strong>hodie</strong></span> <span class='ocrx_word' id='word_1_150' title='bbox 3705 2445 3898 2524; x_wconf 88' lang='lat' dir='ltr'><strong>aliud</strong></span> <span class='ocrx_word' id='word_1_151' title='bbox 3949 2455 4380 2522; x_wconf 82' lang='lat' dir='ltr'><strong>momentum</strong></span> 
     </span>
     <span class='ocr_line' id='line_1_16' title="bbox 1332 2567 4381 2672; baseline -0.001 -26"><span class='ocrx_word' id='word_1_152' title='bbox 1332 2567 1626 2658; x_wconf 87' lang='lat' dir='ltr'><strong>habere,</strong></span> <span class='ocrx_word' id='word_1_153' title='bbox 1672 2591 1887 2670; x_wconf 84' lang='lat' dir='ltr'><strong>quam</strong></span> <span class='ocrx_word' id='word_1_154' title='bbox 1930 2575 2011 2644; x_wconf 87' lang='lat' dir='ltr'><strong>ut</strong></span> <span class='ocrx_word' id='word_1_155' title='bbox 2062 2568 2345 2670; x_wconf 79' lang='lat' dir='ltr'><strong>linguae</strong></span> <span class='ocrx_word' id='word_1_156' title='bbox 2386 2577 2720 2646; x_wconf 87' lang='lat' dir='ltr'><strong>naturam</strong></span> <span class='ocrx_word' id='word_1_157' title='bbox 2767 2576 2839 2646; x_wconf 91' lang='lat' dir='ltr'><strong>et</strong></span> <span class='ocrx_word' id='word_1_158' title='bbox 2883 2569 3374 2672; x_wconf 86' lang='lat' dir='ltr'><strong>proprietatem</strong></span> <span class='ocrx_word' id='word_1_159' title='bbox 3417 2569 3598 2645; x_wconf 85' lang='lat' dir='ltr'><strong>clare</strong></span> <span class='ocrx_word' id='word_1_160' title='bbox 3641 2567 3802 2668; x_wconf 88' lang='lat' dir='ltr'><strong>quis</strong></span> <span class='ocrx_word' id='word_1_161' title='bbox 3843 2567 4078 2643; x_wconf 90' lang='lat' dir='ltr'><strong>animo</strong></span> <span class='ocrx_word' id='word_1_162' title='bbox 4115 2591 4381 2666; x_wconf 86' lang='lat' dir='ltr'><strong>reprae-</strong></span> 
     </span>
     <span class='ocr_line' id='line_1_17' title="bbox 1327 2687 4384 2789; baseline -0.002 -23"><span class='ocrx_word' id='word_1_163' title='bbox 1327 2697 1558 2766; x_wconf 89' lang='lat' dir='ltr'><strong>sentet</strong></span> <span class='ocrx_word' id='word_1_164' title='bbox 1570 2691 1663 2782; x_wconf 69' lang='lat'><strong>2).</strong></span> <span class='ocrx_word' id='word_1_165' title='bbox 1722 2689 1831 2766; x_wconf 77' lang='lat' dir='ltr'><strong>·A</strong></span> <span class='ocrx_word' id='word_1_166' title='bbox 1869 2713 2013 2789; x_wconf 90' lang='lat' dir='ltr'><strong>quo</strong></span> <span class='ocrx_word' id='word_1_167' title='bbox 2056 2712 2200 2766; x_wconf 92' lang='lat' dir='ltr'><strong>non</strong></span> <span class='ocrx_word' id='word_1_168' title='bbox 2252 2689 2562 2766; x_wconf 89' lang='lat' dir='ltr'><strong>multum</strong></span> <span class='ocrx_word' id='word_1_169' title='bbox 2603 2689 2838 2766; x_wconf 84' lang='lat' dir='ltr'><strong>differt</strong></span> <span class='ocrx_word' id='word_1_170' title='bbox 2883 2691 3304 2768; x_wconf 71' lang='lat' dir='ltr'><strong>Nmunan</strong></span> <span class='ocrx_word' id='word_1_171' title='bbox 3329 2688 3706 2778; x_wconf 84' lang='lat' dir='ltr'><strong>sententia,</strong></span> <span class='ocrx_word' id='word_1_172' title='bbox 3757 2687 3884 2788; x_wconf 89' lang='lat' dir='ltr'><strong>qui</strong></span> <span class='ocrx_word' id='word_1_173' title='bbox 3905 2711 4130 2786; x_wconf 88' lang='lat' dir='ltr'><strong>quum</strong></span> <span class='ocrx_word' id='word_1_174' title='bbox 4151 2687 4384 2764; x_wconf 84' lang='lat' dir='ltr'><strong>Latini</strong></span> 
     </span>
     <span class='ocr_line' id='line_1_18' title="bbox 1328 2807 4382 2910; baseline -0.001 -24"><span class='ocrx_word' id='word_1_175' title='bbox 1328 2809 1667 2888; x_wconf 85' lang='lat' dir='ltr'><strong>sermonis</strong></span> <span class='ocrx_word' id='word_1_176' title='bbox 1720 2809 2281 2886; x_wconf 82' lang='lat' dir='ltr'><strong>exercitationem</strong></span> <span class='ocrx_word' id='word_1_177' title='bbox 2350 2809 2696 2886; x_wconf 83' lang='lat' dir='ltr'><strong>tironibus</strong></span> <span class='ocrx_word' id='word_1_178' title='bbox 2757 2811 3198 2888; x_wconf 85' lang='lat' dir='ltr'><strong>commendet</strong></span> <span class='ocrx_word' id='word_1_179' title='bbox 3212 2811 3276 2904; x_wconf 82' lang='lat'><strong>⁸)</strong></span> <span class='ocrx_word' id='word_1_180' title='bbox 3302 2867 3324 2900; x_wconf 93' lang='lat'><strong>,</strong></span> <span class='ocrx_word' id='word_1_181' title='bbox 3405 2817 3640 2886; x_wconf 88' lang='lat' dir='ltr'><strong>tamen</strong></span> <span class='ocrx_word' id='word_1_182' title='bbox 3689 2808 3838 2910; x_wconf 87' lang='lat' dir='ltr'><strong>ipse</strong></span> <span class='ocrx_word' id='word_1_183' title='bbox 3879 2807 4260 2908; x_wconf 86' lang='lat' dir='ltr'><strong>prudenter</strong></span> <span class='ocrx_word' id='word_1_184' title='bbox 4299 2832 4382 2882; x_wconf 89' lang='lat' dir='ltr'><strong>eo</strong></span> 
     </span>
     <span class='ocr_line' id='line_1_19' title="bbox 1332 2928 4384 3032; baseline -0.001 -25"><span class='ocrx_word' id='word_1_185' title='bbox 1332 2929 1699 3008; x_wconf 83' lang='lat' dir='ltr'><strong>abstinuit.</strong></span> <span class='ocrx_word' id='word_1_186' title='bbox 1798 2929 2025 3006; x_wconf 85' lang='lat' dir='ltr'><strong>Cuius</strong></span> <span class='ocrx_word' id='word_1_187' title='bbox 2071 2929 2474 3030; x_wconf 81' lang='lat' dir='ltr'><strong>exemplum</strong></span> <span class='ocrx_word' id='word_1_188' title='bbox 2531 2931 2682 3008; x_wconf 77' lang='lat' dir='ltr'><strong>iure</strong></span> <span class='ocrx_word' id='word_1_189' title='bbox 2723 2940 3114 3032; x_wconf 85' lang='lat' dir='ltr'><strong>sequuntur</strong></span> <span class='ocrx_word' id='word_1_190' title='bbox 3129 2988 3151 3023; x_wconf 91' lang='lat'><strong>,</strong></span> <span class='ocrx_word' id='word_1_191' title='bbox 3199 2931 3326 3032; x_wconf 89' lang='lat' dir='ltr'><strong>qui</strong></span> <span class='ocrx_word' id='word_1_192' title='bbox 3367 2931 3442 3006; x_wconf 89' lang='lat' dir='ltr'><strong>in</strong></span> <span class='ocrx_word' id='word_1_193' title='bbox 3491 2929 3776 3006; x_wconf 84' lang='lat' dir='ltr'><strong>historia</strong></span> <span class='ocrx_word' id='word_1_194' title='bbox 3813 2928 4220 3028; x_wconf 81' lang='lat' dir='ltr'><strong>exponenda</strong></span> <span class='ocrx_word' id='word_1_195' title='bbox 4239 2986 4260 3017; x_wconf 87' lang='lat'><strong>,</strong></span> <span class='ocrx_word' id='word_1_196' title='bbox 4303 2937 4384 3018; x_wconf 78' lang='lat' dir='ltr'><strong>ut</strong></span> 
     </span>
     <span class='ocr_line' id='line_1_20' title="bbox 1331 3048 4379 3146; baseline -0.001 -20"><span class='ocrx_word' id='word_1_197' title='bbox 1331 3049 1449 3126; x_wconf 89' lang='lat' dir='ltr'><strong>ille</strong></span> <span class='ocrx_word' id='word_1_198' title='bbox 1510 3049 1775 3128; x_wconf 87' lang='lat' dir='ltr'><strong>solebat</strong></span> <span class='ocrx_word' id='word_1_199' title='bbox 1793 3108 1816 3141; x_wconf 89' lang='lat'><strong>,</strong></span> <span class='ocrx_word' id='word_1_200' title='bbox 1862 3051 1961 3127; x_wconf 86' lang='lat' dir='ltr'><strong>sic</strong></span> <span class='ocrx_word' id='word_1_201' title='bbox 2012 3059 2375 3126; x_wconf 82' lang='lat' dir='ltr'><strong>versantur</strong></span> <span class='ocrx_word' id='word_1_202' title='bbox 2390 3107 2412 3138; x_wconf 88' lang='lat'><strong>,</strong></span> <span class='ocrx_word' id='word_1_203' title='bbox 2466 3057 2552 3126; x_wconf 83' lang='lat' dir='ltr'><strong>ut</strong></span> <span class='ocrx_word' id='word_1_204' title='bbox 2597 3051 3057 3128; x_wconf 88' lang='lat' dir='ltr'><strong>recentiorum</strong></span> <span class='ocrx_word' id='word_1_205' title='bbox 3099 3048 3588 3126; x_wconf 82' lang='lat' dir='ltr'><strong>vocabulorum</strong></span> <span class='ocrx_word' id='word_1_206' title='bbox 3637 3055 3712 3122; x_wconf 91' lang='lat' dir='ltr'><strong>et</strong></span> <span class='ocrx_word' id='word_1_207' title='bbox 3751 3071 3984 3122; x_wconf 89' lang='lat' dir='ltr'><strong>rerum</strong></span> <span class='ocrx_word' id='word_1_208' title='bbox 4029 3071 4379 3146; x_wconf 87' lang='lat' dir='ltr'><strong>compara-</strong></span> 
     </span>
     <span class='ocr_line' id='line_1_21' title="bbox 1334 3166 4381 3272; baseline -0.001 -28"><span class='ocrx_word' id='word_1_209' title='bbox 1334 3169 1525 3246; x_wconf 88' lang='lat' dir='ltr'><strong>tione</strong></span> <span class='ocrx_word' id='word_1_210' title='bbox 1594 3169 2087 3270; x_wconf 83' lang='lat' dir='ltr'><strong>antiquitatem</strong></span> <span class='ocrx_word' id='word_1_211' title='bbox 2148 3169 2538 3260; x_wconf 87' lang='lat' dir='ltr'><strong>illustrent,</strong></span> <span class='ocrx_word' id='word_1_212' title='bbox 2605 3193 2834 3272; x_wconf 89' lang='lat' dir='ltr'><strong>neque</strong></span> <span class='ocrx_word' id='word_1_213' title='bbox 2901 3195 2978 3247; x_wconf 90' lang='lat' dir='ltr'><strong>se</strong></span> <span class='ocrx_word' id='word_1_214' title='bbox 3045 3171 3120 3246; x_wconf 90' lang='lat' dir='ltr'><strong>in</strong></span> <span class='ocrx_word' id='word_1_215' title='bbox 3189 3169 3476 3246; x_wconf 85' lang='lat' dir='ltr'><strong>Latium</strong></span> <span class='ocrx_word' id='word_1_216' title='bbox 3495 3227 3519 3258; x_wconf 91' lang='lat'><strong>,</strong></span> <span class='ocrx_word' id='word_1_217' title='bbox 3571 3167 3698 3244; x_wconf 89' lang='lat' dir='ltr'><strong>sed</strong></span> <span class='ocrx_word' id='word_1_218' title='bbox 3749 3166 4036 3243; x_wconf 84' lang='lat' dir='ltr'><strong>Latium</strong></span> <span class='ocrx_word' id='word_1_219' title='bbox 4098 3166 4192 3242; x_wconf 89' lang='lat' dir='ltr'><strong>ad</strong></span> <span class='ocrx_word' id='word_1_220' title='bbox 4252 3190 4381 3242; x_wconf 86' lang='lat' dir='ltr'><strong>nos</strong></span> 
     </span>
     <span class='ocr_line' id='line_1_22' title="bbox 1332 3285 4380 3392; baseline -0.001 -28"><span class='ocrx_word' id='word_1_221' title='bbox 1332 3287 1783 3366; x_wconf 77' lang='lat' dir='ltr'><strong>transferunt.</strong></span> <span class='ocrx_word' id='word_1_222' title='bbox 1896 3289 2243 3389; x_wconf 87' lang='lat' dir='ltr'><strong>Equidem</strong></span> <span class='ocrx_word' id='word_1_223' title='bbox 2261 3347 2284 3380; x_wconf 88' lang='lat'><strong>,</strong></span> <span class='ocrx_word' id='word_1_224' title='bbox 2352 3289 2512 3366; x_wconf 81' lang='grc' dir='ltr'><strong>ΑΔ.</strong></span> <span class='ocrx_word' id='word_1_225' title='bbox 2575 3289 2754 3368; x_wconf 89' lang='grc' dir='ltr'><strong>ΗΗ.</strong></span> <span class='ocrx_word' id='word_1_226' title='bbox 2775 3348 2798 3382; x_wconf 89' lang='grc'><strong><em>,</em></strong></span> <span class='ocrx_word' id='word_1_227' title='bbox 2875 3290 3053 3392; x_wconf 88' lang='lat' dir='ltr'><strong>quid</strong></span> <span class='ocrx_word' id='word_1_228' title='bbox 3113 3315 3160 3370; x_wconf 91' lang='lat' dir='ltr'><strong>a</strong></span> <span class='ocrx_word' id='word_1_229' title='bbox 3215 3287 3628 3388; x_wconf 76' lang='lat' dir='ltr'><strong>Theologiae</strong></span> <span class='ocrx_word' id='word_1_230' title='bbox 3671 3296 3746 3362; x_wconf 92' lang='lat' dir='ltr'><strong>et</strong></span> <span class='ocrx_word' id='word_1_231' title='bbox 3785 3285 4380 3388; x_wconf 87' lang='lat' dir='ltr'><strong>Iurisprudentiae</strong></span> 
     </span>
     <span class='ocr_line' id='line_1_23' title="bbox 1334 3403 4370 3508; baseline 0 -29"><span class='ocrx_word' id='word_1_232' title='bbox 1334 3403 1723 3480; x_wconf 88' lang='lat' dir='ltr'><strong>cultoribus</strong></span> <span class='ocrx_word' id='word_1_233' title='bbox 1768 3405 1921 3482; x_wconf 86' lang='lat' dir='ltr'><strong>fieri</strong></span> <span class='ocrx_word' id='word_1_234' title='bbox 1971 3406 2228 3506; x_wconf 84' lang='lat' dir='ltr'><strong>possit,</strong></span> <span class='ocrx_word' id='word_1_235' title='bbox 2278 3405 2433 3482; x_wconf 86' lang='lat' dir='ltr'><strong>aliis</strong></span> <span class='ocrx_word' id='word_1_236' title='bbox 2481 3407 2668 3483; x_wconf 88' lang='lat' dir='ltr'><strong>malo</strong></span> <span class='ocrx_word' id='word_1_237' title='bbox 2711 3407 3168 3486; x_wconf 86' lang='lat' dir='ltr'><strong>iudicandum</strong></span> <span class='ocrx_word' id='word_1_238' title='bbox 3207 3407 3596 3508; x_wconf 86' lang='lat' dir='ltr'><strong>relinquere</strong></span> <span class='ocrx_word' id='word_1_239' title='bbox 3609 3465 3632 3498; x_wconf 89' lang='lat'><strong>,</strong></span> <span class='ocrx_word' id='word_1_240' title='bbox 3681 3407 3800 3506; x_wconf 88' lang='lat' dir='ltr'><strong>qui</strong></span> <span class='ocrx_word' id='word_1_241' title='bbox 3837 3406 4172 3480; x_wconf 86' lang='lat' dir='ltr'><strong>rationem</strong></span> <span class='ocrx_word' id='word_1_242' title='bbox 4211 3403 4370 3480; x_wconf 86' lang='lat' dir='ltr'><strong>illo-</strong></span> 
     </span>
     <span class='ocr_line' id='line_1_24' title="bbox 1326 3522 4366 3630; baseline -0.001 -30"><span class='ocrx_word' id='word_1_243' title='bbox 1326 3545 1491 3600; x_wconf 88' lang='lat' dir='ltr'><strong>rum</strong></span> <span class='ocrx_word' id='word_1_244' title='bbox 1544 3523 1941 3600; x_wconf 86' lang='lat' dir='ltr'><strong>studiorum</strong></span> <span class='ocrx_word' id='word_1_245' title='bbox 1989 3522 2207 3624; x_wconf 90' lang='lat' dir='ltr'><strong>probe</strong></span> <span class='ocrx_word' id='word_1_246' title='bbox 2254 3531 2514 3618; x_wconf 75' lang='lat' dir='ltr'><strong>norunt</strong></span> <span class='ocrx_word' id='word_1_247' title='bbox 2533 3581 2558 3614; x_wconf 89' lang='lat'><strong>,</strong></span> <span class='ocrx_word' id='word_1_248' title='bbox 2605 3549 2822 3625; x_wconf 85' lang='lat' dir='ltr'><strong>quam</strong></span> <span class='ocrx_word' id='word_1_249' title='bbox 2877 3525 3172 3606; x_wconf 83' lang='lat' dir='ltr'><strong>fidenter</strong></span> <span class='ocrx_word' id='word_1_250' title='bbox 3218 3527 3694 3630; x_wconf 86' lang='lat' dir='ltr'><strong>pronunciare.</strong></span> <span class='ocrx_word' id='word_1_251' title='bbox 3785 3527 4230 3622; x_wconf 72' lang='lat' dir='ltr'><strong>Quamquam</strong></span> <span class='ocrx_word' id='word_1_252' title='bbox 4287 3524 4366 3598; x_wconf 87' lang='lat' dir='ltr'><strong>in</strong></span> 
     </span>
     <span class='ocr_line' id='line_1_25' title="bbox 1324 3643 4370 3746; baseline -0 -26"><span class='ocrx_word' id='word_1_253' title='bbox 1324 3649 1741 3744; x_wconf 78' lang='lat' dir='ltr'><strong>argumento</strong></span> <span class='ocrx_word' id='word_1_254' title='bbox 1776 3667 1919 3720; x_wconf 90' lang='lat' dir='ltr'><strong>non</strong></span> <span class='ocrx_word' id='word_1_255' title='bbox 1954 3643 2051 3722; x_wconf 85' lang='lat' dir='ltr'><strong>ab</strong></span> <span class='ocrx_word' id='word_1_256' title='bbox 2090 3643 2506 3746; x_wconf 81' lang='lat' dir='ltr'><strong>antiquitate</strong></span> <span class='ocrx_word' id='word_1_257' title='bbox 2529 3647 2990 3724; x_wconf 86' lang='lat' dir='ltr'><strong>remotissimo</strong></span> <span class='ocrx_word' id='word_1_258' title='bbox 3003 3705 3026 3738; x_wconf 88' lang='lat'><strong>,</strong></span> <span class='ocrx_word' id='word_1_259' title='bbox 3055 3648 3450 3726; x_wconf 87' lang='lat' dir='ltr'><strong>cuiusmodi</strong></span> <span class='ocrx_word' id='word_1_260' title='bbox 3490 3649 3716 3726; x_wconf 86' lang='lat' dir='ltr'><strong>multa</strong></span> <span class='ocrx_word' id='word_1_261' title='bbox 3755 3653 3918 3722; x_wconf 85' lang='lat' dir='ltr'><strong>sunt</strong></span> <span class='ocrx_word' id='word_1_262' title='bbox 3951 3645 4027 3720; x_wconf 89' lang='lat' dir='ltr'><strong>in</strong></span> <span class='ocrx_word' id='word_1_263' title='bbox 4067 3653 4370 3744; x_wconf 84' lang='lat' dir='ltr'><strong>utroque</strong></span> 
     </span>
     <span class='ocr_line' id='line_1_26' title="bbox 1328 3763 4370 3869; baseline -0 -29"><span class='ocrx_word' id='word_1_264' title='bbox 1328 3763 1727 3844; x_wconf 89' lang='lat' dir='ltr'><strong>studiorum</strong></span> <span class='ocrx_word' id='word_1_265' title='bbox 1788 3787 2043 3866; x_wconf 78' lang='lat' dir='ltr'><strong>genere</strong></span> <span class='ocrx_word' id='word_1_266' title='bbox 2057 3822 2082 3855; x_wconf 90' lang='lat'><strong>,</strong></span> <span class='ocrx_word' id='word_1_267' title='bbox 2140 3765 2389 3864; x_wconf 88' lang='lat' dir='ltr'><strong>quidni</strong></span> <span class='ocrx_word' id='word_1_268' title='bbox 2452 3767 2676 3868; x_wconf 84' lang='lat' dir='ltr'><strong>possit</strong></span> <span class='ocrx_word' id='word_1_269' title='bbox 2739 3769 3030 3869; x_wconf 88' lang='lat' dir='ltr'><strong>antiquo</strong></span> <span class='ocrx_word' id='word_1_270' title='bbox 3089 3793 3280 3846; x_wconf 92' lang='lat' dir='ltr'><strong>more</strong></span> <span class='ocrx_word' id='word_1_271' title='bbox 3329 3767 3498 3846; x_wconf 86' lang='lat' dir='ltr'><strong>stari</strong></span> <span class='ocrx_word' id='word_1_272' title='bbox 3539 3792 3682 3844; x_wconf 88' lang='lat' dir='ltr'><strong>non</strong></span> <span class='ocrx_word' id='word_1_273' title='bbox 3729 3765 4068 3868; x_wconf 86' lang='lat' dir='ltr'><strong>perspicio</strong></span> <span class='ocrx_word' id='word_1_274' title='bbox 4084 3823 4106 3855; x_wconf 91' lang='lat'><strong>,</strong></span> <span class='ocrx_word' id='word_1_275' title='bbox 4147 3789 4370 3863; x_wconf 88' lang='lat' dir='ltr'><strong>quum</strong></span> 
     </span>
     <span class='ocr_line' id='line_1_27' title="bbox 1326 3882 4372 3984; baseline 0 -24"><span class='ocrx_word' id='word_1_276' title='bbox 1326 3885 1735 3982; x_wconf 87' lang='lat' dir='ltr'><strong>praesertim</strong></span> <span class='ocrx_word' id='word_1_277' title='bbox 1798 3891 2039 3962; x_wconf 85' lang='lat' dir='ltr'><strong>nostra</strong></span> <span class='ocrx_word' id='word_1_278' title='bbox 2092 3882 2335 3984; x_wconf 81' lang='lat' dir='ltr'><strong>lingua</strong></span> <span class='ocrx_word' id='word_1_279' title='bbox 2398 3886 2608 3962; x_wconf 84' lang='lat' dir='ltr'><strong>arctis</strong></span> <span class='ocrx_word' id='word_1_280' title='bbox 2673 3888 3110 3964; x_wconf 86' lang='lat' dir='ltr'><strong>contineatur</strong></span> <span class='ocrx_word' id='word_1_281' title='bbox 3165 3889 3425 3966; x_wconf 84' lang='lat' dir='ltr'><strong>finibus</strong></span> <span class='ocrx_word' id='word_1_282' title='bbox 3477 3897 3550 3968; x_wconf 90' lang='lat' dir='ltr'><strong>et</strong></span> <span class='ocrx_word' id='word_1_283' title='bbox 3599 3889 3742 3966; x_wconf 81' lang='lat' dir='ltr'><strong>fere</strong></span> <span class='ocrx_word' id='word_1_284' title='bbox 3800 3887 3893 3964; x_wconf 91' lang='lat' dir='ltr'><strong>ab</strong></span> <span class='ocrx_word' id='word_1_285' title='bbox 3947 3885 4203 3962; x_wconf 84' lang='lat' dir='ltr'><strong>exteris</strong></span> <span class='ocrx_word' id='word_1_286' title='bbox 4251 3909 4372 3960; x_wconf 89' lang='lat' dir='ltr'><strong>ne-</strong></span> 
     </span>
     <span class='ocr_line' id='line_1_28' title="bbox 1328 4001 4374 4105; baseline 0.002 -28"><span class='ocrx_word' id='word_1_287' title='bbox 1328 4001 1678 4100; x_wconf 76' lang='lat' dir='ltr'><strong>gligatur3</strong></span> <span class='ocrx_word' id='word_1_288' title='bbox 1726 4003 1851 4080; x_wconf 64' lang='lat' dir='ltr'><strong>md</strong></span> <span class='ocrx_word' id='word_1_289' title='bbox 1904 4027 1947 4080; x_wconf 88' lang='lat' dir='ltr'><strong>a</strong></span> <span class='ocrx_word' id='word_1_290' title='bbox 1994 4003 2423 4105; x_wconf 86' lang='lat' dir='ltr'><strong>philosophis</strong></span> <span class='ocrx_word' id='word_1_291' title='bbox 2468 4014 2544 4082; x_wconf 93' lang='lat' dir='ltr'><strong>et</strong></span> <span class='ocrx_word' id='word_1_292' title='bbox 2589 4007 2885 4084; x_wconf 86' lang='lat' dir='ltr'><strong>medicis</strong></span> <span class='ocrx_word' id='word_1_293' title='bbox 2926 4007 3126 4084; x_wconf 89' lang='lat' dir='ltr'><strong>illum</strong></span> <span class='ocrx_word' id='word_1_294' title='bbox 3167 4033 3434 4086; x_wconf 87' lang='lat' dir='ltr'><strong>morem</strong></span> <span class='ocrx_word' id='word_1_295' title='bbox 3477 4009 3816 4086; x_wconf 85' lang='lat' dir='ltr'><strong>omissum</strong></span> <span class='ocrx_word' id='word_1_296' title='bbox 3855 4031 4010 4084; x_wconf 83' lang='lat' dir='ltr'><strong>esse</strong></span> <span class='ocrx_word' id='word_1_297' title='bbox 4026 4065 4046 4096; x_wconf 91' lang='lat'><strong>,</strong></span> <span class='ocrx_word' id='word_1_298' title='bbox 4095 4015 4374 4082; x_wconf 83' lang='lat' dir='ltr'><strong>tantum</strong></span> 
     </span>
     <span class='ocr_line' id='line_1_29' title="bbox 1331 4119 4368 4231; baseline 0.002 -35"><span class='ocrx_word' id='word_1_299' title='bbox 1331 4119 1587 4196; x_wconf 86' lang='lat' dir='ltr'><strong>absum</strong></span> <span class='ocrx_word' id='word_1_300' title='bbox 1634 4129 1716 4200; x_wconf 87' lang='lat' dir='ltr'><strong>ut</strong></span> <span class='ocrx_word' id='word_1_301' title='bbox 1762 4122 2151 4222; x_wconf 87' lang='lat' dir='ltr'><strong>improbem</strong></span> <span class='ocrx_word' id='word_1_302' title='bbox 2164 4182 2188 4214; x_wconf 94' lang='lat'><strong>,</strong></span> <span class='ocrx_word' id='word_1_303' title='bbox 2236 4135 2321 4200; x_wconf 93' lang='lat' dir='ltr'><strong>ut</strong></span> <span class='ocrx_word' id='word_1_304' title='bbox 2370 4151 2411 4202; x_wconf 92' lang='lat' dir='ltr'><strong>e</strong></span> <span class='ocrx_word' id='word_1_305' title='bbox 2450 4128 2797 4204; x_wconf 87' lang='lat' dir='ltr'><strong>contrario</strong></span> <span class='ocrx_word' id='word_1_306' title='bbox 2843 4127 2976 4206; x_wconf 84' lang='lat' dir='ltr'><strong>hoc</strong></span> <span class='ocrx_word' id='word_1_307' title='bbox 3015 4128 3239 4231; x_wconf 88' lang='lat' dir='ltr'><strong>ipsius</strong></span> <span class='ocrx_word' id='word_1_308' title='bbox 3275 4129 3699 4230; x_wconf 82' lang='lat' dir='ltr'><strong>Philologiae</strong></span> <span class='ocrx_word' id='word_1_309' title='bbox 3732 4127 4099 4204; x_wconf 88' lang='lat' dir='ltr'><strong>commodo</strong></span> <span class='ocrx_word' id='word_1_310' title='bbox 4126 4135 4368 4227; x_wconf 89' lang='lat' dir='ltr'><strong>putem</strong></span> 
     </span>
     <span class='ocr_line' id='line_1_30' title="bbox 1328 4241 4369 4352; baseline 0.001 -35"><span class='ocrx_word' id='word_1_311' title='bbox 1328 4241 1684 4320; x_wconf 83' lang='lat' dir='ltr'><strong>inservire.</strong></span> <span class='ocrx_word' id='word_1_312' title='bbox 1780 4241 1943 4318; x_wconf 91' lang='lat' dir='ltr'><strong>Hoc</strong></span> <span class='ocrx_word' id='word_1_313' title='bbox 1998 4244 2187 4320; x_wconf 88' lang='lat' dir='ltr'><strong>enim</strong></span> <span class='ocrx_word' id='word_1_314' title='bbox 2242 4245 2393 4320; x_wconf 90' lang='lat' dir='ltr'><strong>iure</strong></span> <span class='ocrx_word' id='word_1_315' title='bbox 2456 4246 2594 4322; x_wconf 88' lang='lat' dir='ltr'><strong>sibi</strong></span> <span class='ocrx_word' id='word_1_316' title='bbox 2657 4249 3014 4348; x_wconf 85' lang='lat' dir='ltr'><strong>postulant</strong></span> <span class='ocrx_word' id='word_1_317' title='bbox 3082 4249 3412 4352; x_wconf 81' lang='lat' dir='ltr'><strong>philologi</strong></span> <span class='ocrx_word' id='word_1_318' title='bbox 3428 4308 3452 4339; x_wconf 89' lang='lat'><strong>,</strong></span> <span class='ocrx_word' id='word_1_319' title='bbox 3519 4260 3600 4326; x_wconf 91' lang='lat' dir='ltr'><strong>ut</strong></span> <span class='ocrx_word' id='word_1_320' title='bbox 3653 4249 3781 4349; x_wconf 89' lang='lat' dir='ltr'><strong>qui</strong></span> <span class='ocrx_word' id='word_1_321' title='bbox 3833 4247 4082 4324; x_wconf 89' lang='lat' dir='ltr'><strong>Latine</strong></span> <span class='ocrx_word' id='word_1_322' title='bbox 4103 4305 4124 4336; x_wconf 86' lang='lat'><strong>,</strong></span> <span class='ocrx_word' id='word_1_323' title='bbox 4189 4245 4369 4321; x_wconf 89' lang='lat' dir='ltr'><strong>bene</strong></span> 
     </span>
     <span class='ocr_line' id='line_1_31' title="bbox 1328 4361 4368 4470; baseline 0.001 -32"><span class='ocrx_word' id='word_1_324' title='bbox 1328 4361 1607 4440; x_wconf 88' lang='lat' dir='ltr'><strong>scribat.</strong></span> <span class='ocrx_word' id='word_1_325' title='bbox 1704 4361 2081 4440; x_wconf 81' lang='lat' dir='ltr'><strong>Perversus</strong></span> <span class='ocrx_word' id='word_1_326' title='bbox 2140 4365 2480 4442; x_wconf 87' lang='lat' dir='ltr'><strong>sermonis</strong></span> <span class='ocrx_word' id='word_1_327' title='bbox 2537 4391 2714 4444; x_wconf 85' lang='lat' dir='ltr'><strong>usus</strong></span> <span class='ocrx_word' id='word_1_328' title='bbox 2777 4369 3004 4470; x_wconf 79' lang='lat' dir='ltr'><strong>magis</strong></span> <span class='ocrx_word' id='word_1_329' title='bbox 3061 4379 3264 4446; x_wconf 88' lang='lat' dir='ltr'><strong>nocet</strong></span> <span class='ocrx_word' id='word_1_330' title='bbox 3278 4429 3302 4460; x_wconf 90' lang='lat'><strong>,</strong></span> <span class='ocrx_word' id='word_1_331' title='bbox 3361 4395 3576 4470; x_wconf 87' lang='lat' dir='ltr'><strong>quam</strong></span> <span class='ocrx_word' id='word_1_332' title='bbox 3619 4370 3856 4448; x_wconf 86' lang='lat' dir='ltr'><strong>nullus</strong></span> <span class='ocrx_word' id='word_1_333' title='bbox 3903 4368 4188 4448; x_wconf 90' lang='lat' dir='ltr'><strong>omnino</strong></span> <span class='ocrx_word' id='word_1_334' title='bbox 4205 4424 4228 4459; x_wconf 90' lang='lat'><strong>,</strong></span> <span class='ocrx_word' id='word_1_335' title='bbox 4277 4367 4368 4442; x_wconf 88' lang='lat' dir='ltr'><strong>si·</strong></span> 
     </span>
    </p>
   </div>
   <div class='ocr_carea' id='block_1_3' title="bbox 1330 4583 4360 4947">
    <p class='ocr_par' dir='ltr' id='par_1_4' title="bbox 1410 4583 2804 4670">
     <span class='ocr_line' id='line_1_32' title="bbox 1410 4583 2804 4670; baseline 0.005 -26"><span class='ocrx_word' id='word_1_336' title='bbox 1410 4583 1461 4657; x_wconf 82' lang='lat'><strong>¹)</strong></span> <span class='ocrx_word' id='word_1_337' title='bbox 1500 4583 1652 4645; x_wconf 69' lang='lat' dir='ltr'><strong>Bm.</strong></span> <span class='ocrx_word' id='word_1_338' title='bbox 1698 4584 1843 4645; x_wconf 73' lang='lat' dir='ltr'><strong>On‘t.</strong></span> <span class='ocrx_word' id='word_1_339' title='bbox 1882 4583 2015 4646; x_wconf 80' lang='lat' dir='ltr'><strong>Vol.</strong></span> <span class='ocrx_word' id='word_1_340' title='bbox 2052 4583 2179 4658; x_wconf 88' lang='lat'><strong>111,</strong></span> <span class='ocrx_word' id='word_1_341' title='bbox 2220 4603 2276 4666; x_wconf 90' lang='lat' dir='ltr'><strong>p.</strong></span> <span class='ocrx_word' id='word_1_342' title='bbox 2320 4588 2385 4658; x_wconf 74' lang='lat'><strong>2,</strong></span> <span class='ocrx_word' id='word_1_343' title='bbox 2426 4605 2484 4668; x_wconf 89' lang='lat' dir='ltr'><strong>p.</strong></span> <span class='ocrx_word' id='word_1_344' title='bbox 2527 4588 2677 4662; x_wconf 75' lang='lat'><strong>112,</strong></span> <span class='ocrx_word' id='word_1_345' title='bbox 2717 4607 2804 4670; x_wconf 83' lang='lat' dir='ltr'><strong>sq.</strong></span> 
     </span>
    </p>

    <p class='ocr_par' dir='ltr' id='par_1_5' title="bbox 1404 4677 2881 4765">
     <span class='ocr_line' id='line_1_33' title="bbox 1404 4677 2881 4765; baseline 0.005 -28"><span class='ocrx_word' id='word_1_346' title='bbox 1404 4677 1459 4752; x_wconf 73' lang='lat'><strong>³)</strong></span> <span class='ocrx_word' id='word_1_347' title='bbox 1500 4681 1649 4741; x_wconf 61' lang='lat' dir='ltr'><strong>Beni.</strong></span> <span class='ocrx_word' id='word_1_348' title='bbox 1688 4699 1788 4739; x_wconf 71' lang='lat' dir='ltr'><strong>m</strong></span> <span class='ocrx_word' id='word_1_349' title='bbox 1825 4679 2211 4742; x_wconf 61' lang='lat' dir='ltr'><strong>lateinisches</strong></span> <span class='ocrx_word' id='word_1_350' title='bbox 2249 4682 2644 4759; x_wconf 61' lang='lat' dir='ltr'><strong>Spracllebv,</strong></span> <span class='ocrx_word' id='word_1_351' title='bbox 2683 4704 2738 4765; x_wconf 86' lang='lat' dir='ltr'><strong>p.</strong></span> <span class='ocrx_word' id='word_1_352' title='bbox 2783 4687 2881 4744; x_wconf 73' lang='lat'><strong>12.</strong></span> 
     </span>
    </p>

    <p class='ocr_par' dir='ltr' id='par_1_6' title="bbox 1330 4769 4360 4947">
     <span class='ocr_line' id='line_1_34' title="bbox 1413 4769 4360 4860; baseline 0.004 -29"><span class='ocrx_word' id='word_1_353' title='bbox 1413 4769 1467 4844; x_wconf 84' lang='lat'><strong>⁸)</strong></span> <span class='ocrx_word' id='word_1_354' title='bbox 1504 4771 1642 4849; x_wconf 79' lang='lat' dir='ltr'><strong>Pag.</strong></span> <span class='ocrx_word' id='word_1_355' title='bbox 1696 4777 1848 4849; x_wconf 78' lang='lat' dir='ltr'><strong>iss,</strong></span> <span class='ocrx_word' id='word_1_356' title='bbox 1908 4779 2057 4848; x_wconf 78' lang='lat' dir='ltr'><strong>iel,</strong></span> <span class='ocrx_word' id='word_1_357' title='bbox 2120 4795 2242 4856; x_wconf 79' lang='lat' dir='ltr'><strong>sqq.</strong></span> <span class='ocrx_word' id='word_1_358' title='bbox 2294 4774 2463 4852; x_wconf 82' lang='lat' dir='ltr'><strong>libri,</strong></span> <span class='ocrx_word' id='word_1_359' title='bbox 2532 4779 2628 4860; x_wconf 86' lang='lat' dir='ltr'><strong>qui</strong></span> <span class='ocrx_word' id='word_1_360' title='bbox 2685 4779 2902 4860; x_wconf 73' lang='lat' dir='ltr'><strong>belgice</strong></span> <span class='ocrx_word' id='word_1_361' title='bbox 2969 4779 3312 4844; x_wconf 83' lang='lat' dir='ltr'><strong>inscribitur:</strong></span> <span class='ocrx_word' id='word_1_362' title='bbox 3389 4781 3800 4852; x_wconf 59' lang='lat' dir='ltr'><strong>Niobam,</strong></span> <span class='ocrx_word' id='word_1_363' title='bbox 3860 4782 4166 4858; x_wconf 52' lang='lat' dir='ltr'><strong>ediquem</strong></span> <span class='ocrx_word' id='word_1_364' title='bbox 4221 4779 4360 4837; x_wconf 70' lang='lat' dir='ltr'><strong>door</strong></span> 
     </span>
     <span class='ocr_line' id='line_1_35' title="bbox 1330 4863 2439 4947; baseline 0.01 -23"><span class='ocrx_word' id='word_1_365' title='bbox 1330 4863 1406 4925; x_wconf 85' lang='lat' dir='ltr'><strong>K.</strong></span> <span class='ocrx_word' id='word_1_366' title='bbox 1448 4865 1522 4926; x_wconf 79' lang='lat' dir='ltr'><strong>G.</strong></span> <span class='ocrx_word' id='word_1_367' title='bbox 1560 4867 1765 4930; x_wconf 73' lang='lat' dir='ltr'><strong>Jacon.</strong></span> <span class='ocrx_word' id='word_1_368' title='bbox 1826 4871 2214 4947; x_wconf 59' lang='lat' dir='ltr'><strong>m,</strong></span> <span class='ocrx_word' id='word_1_369' title='bbox 2261 4876 2439 4936; x_wconf 76' lang='lat'><strong>1840.</strong></span> 
     </span>
    </p>
   </div>
  </div>
 </body>
</html>
