4934 6184
1396 677 1524 742 178
2379 671 2425 733 Ι.
2500 666 2957 734 HISSINK
3026 667 3426 733 IANSEN

1489 880 1590 954 Ut
1653 877 1956 977 primum
2026 874 2115 949 de
2179 873 2511 950 subsidiis
2576 873 3031 949 institutionis
3092 863 3449 948 videamus
3468 927 3489 961 ,
3558 869 3727 946 haee
3798 871 4172 971 respiciens
4192 929 4210 960 ,
4280 873 4420 948 fere

1385 1005 1691 1098 repetere
1727 993 1986 1093 possim
2029 993 2386 1092 quaerelas
2399 1039 2432 1083 ‚·
2464 1002 2609 1069 tam
2650 1017 2853 1093 saepe
2890 993 3031 1088 iam
3066 993 3367 1093 prolatas
3384 1049 3406 1081 ‚
3440 1015 3523 1066 ea
3566 1014 3705 1066 non
3746 990 3915 1066 satis
3944 1015 4201 1091 magna
4230 1017 4382 1069 esse
4401 1053 4421 1083 ‚

1385 1126 1467 1191 ut
1513 1113 1864 1190 sufficiant
1909 1113 1996 1188 iis
2011 1171 2032 1202 ,
2083 1128 2263 1212 quae
2299 1113 2373 1187 in
2415 1112 2773 1200 instituto,
2823 1111 3031 1210 quale
3064 1118 3300 1186 nostra
3334 1107 3715 1184 Academia
3756 1115 3901 1196 est,
3950 1105 4417 1208 requiruntur.

1382 1236 1460 1310 Si
1511 1259 1594 1310 ea
1638 1258 1819 1332 quae
1875 1232 2312 1332 possidemus
2329 1289 2351 1322 ‚
2399 1255 2798 1308 conservare
2845 1230 3152 1306 valemus
3170 1288 3191 1320 ,
3242 1237 3316 1305 at
3360 1228 3449 1304 de
3489 1227 4025 1327 amplificatione
4050 1230 4162 1306 vix
4196 1255 4422 1308 sermo

1381 1377 1530 1430 esse
1591 1361 1840 1453 potest.
1943 1353 2083 1428 Sed
2149 1352 2414 1454 possim
2474 1351 2691 1425 videri
2738 1349 2995 1424 iniuste
3043 1347 3545 1450 reprehendere
3562 1405 3587 1438 ‚
3637 1346 3726 1423 de
3772 1347 3883 1424 his
3922 1350 4132 1426 rebus
4170 1353 4421 1452 amplis

1381 1473 1606 1549 verbis
1645 1472 1994 1549 monendo
2011 1531 2034 1563 ,
2085 1497 2307 1571 quum
2351 1472 2413 1548 si
2453 1470 2532 1545 id
2568 1471 2655 1546 de
2694 1471 2823 1546 hoc
2866 1471 3013 1546 loco
3037 1470 3281 1546 faciam
3306 1467 3594 1544 fortasse
3630 1466 3899 1544 viderer
3930 1493 4203 1570 carpere
4238 1473 4421 1548 viros

1377 1594 1682 1669 illustres
1749 1593 2168 1669 Academiae
2239 1598 2586 1668 curatores
2607 1649 2628 1680 ,
2699 1616 2741 1667 a
2802 1590 3197 1666 cuiusmodi
3264 1615 3339 1665 re
3408 1588 3693 1689 quidem
3767 1589 4045 1665 animus
4118 1591 4415 1680 maxime

1379 1713 1644 1789 alienus
1701 1721 1812 1788 est
1855 1736 2077 1788 meus.
2181 1715 2386 1790 Quae
2433 1735 2689 1810 nempe
2738 1735 2826 1786 ex
2866 1711 3127 1786 aerario
3176 1710 3459 1810 publico
3498 1708 4021 1785 collectionibus
4065 1710 4417 1810 qualibus·

1378 1855 1680 1931 cumque
1746 1831 2165 1908 Academiae
2221 1831 2634 1906 tribuuntur
2650 1888 2670 1919 ‚
2731 1855 3050 1930 quaeque
3090 1830 3473 1931 perexigua
3513 1837 3680 1904 sunt
3698 1887 3720 1918 ‚
3782 1837 3993 1922 aucta
4029 1855 4183 1906 esse
4232 1834 4415 1906 novi·

1375 1977 1537 2028 mus
1605 1951 1950 2028 indefesso
2011 1959 2236 2026 vestro
2281 1977 2447 2050 erga
2490 1950 2942 2028 Academiam
2989 1951 3221 2027 studio
3238 2009 3261 2042 ‚
3322 1950 3514 2050 quod
3563 1975 3683 2025 vos
3727 1949 4011 2049 impulit
4058 1959 4139 2026 ut
4186 1977 4227 2026 a
4276 1953 4415 2027 Mi-

1377 2073 1597 2146 nistro
1669 2072 1895 2170 Regio
1968 2071 2294 2170 peteretis
2347 2072 2605 2147 iterum
2666 2071 3059 2172 iterumque
3120 2069 3591 2146 subsidiorum
3660 2076 4113 2170 augmentum
4130 2127 4152 2160 ,
4228 2073 4421 2170 quod

1375 2191 1660 2266 tandem
1707 2215 2112 2267 eoncessum
2152 2199 2300 2280 est,
2363 2198 2434 2266 et
2474 2214 2615 2290 quo
2652 2191 2915 2268 factum
2960 2197 3101 2280 est,
3164 2197 3247 2266 ut
3288 2213 3499 2290 parva
3534 2189 3832 2290 pecunia
3849 2249 3870 2278 ‚
3918 2215 4091 2291 quae
4136 2190 4405 2267 Biblio-

1375 2311 1618 2386 thecae
1677 2310 1770 2386 ad
1837 2311 2049 2386 libros
2098 2311 2521 2396 coemendos
2583 2310 2971 2386 destinatur
2985 2367 3007 2400 ‚
3072 2311 3508 2410 aliquantum
3574 2317 3758 2384 certe
3810 2309 4093 2386 creverit
4142 2319 4211 2386 et
4262 2311 4419 2385 fieri

1377 2429 1680 2529 potuerit
1730 2437 1810 2504 ut
1855 2454 1894 2504 e
1936 2431 2240 2529 pretios‘a
2291 2429 2689 2505 collectione
2735 2430 2828 2506 ad
2873 2429 3231 2506 historiam
3276 2427 3664 2506 naturalem
3718 2429 4116 2530 pertinente
4134 2487 4157 2520 ‚
4206 2453 4419 2528 quam

1377 2549 1824 2626 Clarissimus
1845 2549 2230 2626 Nrconaus
2273 2571 2373 2624 nn
2414 2551 2775 2626 Fanum
2818 2550 3185 2650 eollegerat
3216 2556 3290 2624 et
3319 2573 3360 2624 e
3388 2547 3785 2626 collectione
3812 2573 4039 2650 nuper
4067 2549 4415 2639 defuncti,

1377 2667 1778 2742 dexter-rimi
1795 2725 1817 2757 ‚
1869 2669 2460 2770 eruditissimique
2504 2671 2913 2769 prosectoris
2954 2669 3373 2746 Academiae
3420 2667 3911 2747 Ultraiectinae
3962 2670 4114 2745 Son
4122 2692 4419 2746 vanarn

1373 2787 1636 2862 multae
1679 2811 1791 2863 res
1841 2797 2237 2865 emerentur
2251 2845 2274 2880 ‚
2323 2789 2728 2889 praesertim
2776 2790 2869 2866 ad
2910 2797 3277 2866 anatomen
3316 2797 3781 2890 comparatam
3822 2797 4237 2891 spectantes.
4308 2791 4417 2866 Ita

1375 2904 1876 3006 locupletatum
1901 2916 2009 2984 est
2027 2909 2365 2986 Museum
2387 2916 2707 2986 nostrum
2726 2909 3079 2989 Historiae
3098 2909 3431 2986 naturalis
3452 2935 3491 2986 e
3508 2910 3733 3010 priore
3756 2910 4163 2987 collectione
4182 2911 4417 2986 multis

1375 3025 1644 3102 sceletis
1703 3025 2109 3104 animalium
2167 3029 2603 3106 nitidissimis
2658 3039 2731 3106 et
2785 3029 3425 3131 praeparationibus
3480 3039 3631 3106 arte
3684 3030 3998 3120 iniectis3
4064 3047 4153 3106 ex
4204 3030 4417 3106 altera

1378 3145 1783 3222 collectione
1825 3156 2096 3248 praeter
2133 3150 2685 3249 praeparationes
2727 3150 3312 3240 vertebratorum‚
3362 3150 3601 3226 multis
3640 3149 4137 3250 speciminibus
4178 3159 4413 3226 anato-

1377 3264 1576 3339 micis
1627 3265 1991 3342 artificiose
2018 3268 2345 3344 confectis
2369 3269 2773 3346 animalium
2794 3294 2937 3346 non
2962 3271 3541 3360 vertebratorum,
3564 3293 3817 3406 nempe
3846 3271 4140 3346 Dimacis
4158 3273 4415 3345 cinerei

1385 3389 1458 3453 et
1497 3385 1897 3474 variabilis,
1947 3389 2192 3485 dytieci
2237 3391 2637 3488 maryinalia
2676 3397 2749 3464 et
2780 3390 3023 3466 multis
3056 3390 3249 3481 aliis,
3298 3415 3479 3490 quae
3508 3390 3747 3466 omnia
3778 3413 4165 3466 enumerare
4192 3388 4409 3462 nimis

1380 3499 1672 3600 longum
1717 3512 1920 3581 esset.
2019 3506 2355 3605 Reliquae
2401 3507 2831 3584 collectiones
2872 3510 3489 3588 instrumentorum
3539 3510 3977 3612 physicorum
3997 3564 4018 3598 ,
4064 3507 4407 3584 chemico-

1375 3643 1573 3711 rum,
1643 3621 2192 3724 chirurgicorum
2258 3633 2331 3702 et
2386 3627 2480 3703 ad
2532 3635 2753 3704 artem
2808 3628 3273 3708 obstetriciam
3328 3631 3825 3730 pertinentium
3842 3689 3866 3720 ‚
3922 3671 4022 3688 -
4082 3651 4408 3702 museum

1377 3741 1852 3824 anatomicam
1867 3801 1892 3834 ‚
1956 3743 2202 3820 hortus
2265 3745 2632 3824 botanicus
2690 3757 3067 3848 potuerunt
3130 3752 3383 3828 servari
3431 3752 3506 3826 in
3576 3751 3699 3826 tali
3754 3749 4151 3827 conditione
4188 3755 4274 3824 ut
4318 3749 4412 3823 ad

1377 3861 1896 3940 institutionem
1931 3863 2184 3942 idonea
2226 3867 2549 3944 habenda
2592 3868 2767 3960 sint3
2808 3871 3093 3970 angeri,
3142 3872 3350 3948 ditari
3387 3897 3525 3948 non
3566 3870 3871 3949 multum
3919 3877 4319 3970 potuerunt.
4484 3951 4496 3962 ,

1483 3984 1810 4060 Assiduis
1857 3987 2042 4062 curis
2085 3987 2240 4064 Viri
2283 3989 2666 4065 Clarissimi
2682 4047 2705 4080 ,
2772 3989 2897 4090 qui
2946 3991 3417 4068 Bibliothecae
3462 3999 3774 4092 praeest,
3820 4015 4001 4066 nova
4052 3988 4407 4090 dispositio

1279 4091 1290 4101 ’
1381 4100 1722 4176 librorum
1787 4105 1940 4178 eius
1993 4131 2212 4206 paene
2279 4108 2370 4182 ad
2435 4109 2646 4184 finem
2711 4111 3045 4209 perducta
3096 4121 3221 4190 est.
3323 4115 3487 4192 Quo
3544 4111 3725 4186 facto
3768 4103 4027 4186 facilior
4070 4110 4203 4184 erit
4244 4132 4402 4184 eon-

1381 4228 1664 4322 spectus
1719 4223 2026 4299 thesauri
2045 4283 2066 4314 ,
2133 4249 2344 4324 quem
2399 4227 2746 4326 possidet,
2807 4229 3117 4331 adeoque
3172 4257 3345 4308 usus
3387 4231 3538 4308 eius
3594 4231 3816 4307 multo
3858 4229 4067 4306 latius
4115 4229 4399 4329 patebit.

1377 4341 1658 4418 Gratias
1727 4341 2000 4420 debitas
2063 4345 2340 4445 agimus
2413 4345 2597 4422 Viro
2621 4347 3017 4426 Clarissimo
3064 4352 3456 4428 Enscnnmt
3498 4375 3621 4452 pro
3670 4349 4031 4451 diligentia
4086 4373 4230 4448 qua
4278 4348 4401 4424 has

1383 4485 1493 4538 res
1543 4461 2094 4556 administravit,
2141 4463 2515 4564 omniaque
2556 4465 2784 4544 fausta
2818 4469 2918 4544 illi
2963 4470 3038 4544 in
3081 4471 3211 4546 hoc
3254 4470 3485 4547 labore
3526 4477 3871 4570 optamus.

1480 4581 1976 4682 Praeterquam
2023 4586 2324 4662 emtione
2363 4585 2697 4667 librorum
2736 4613 3070 4666 novorum
3094 4649 3117 4682 ‚
3166 4591 3255 4666 de
3301 4615 3443 4689 qua
3474 4591 3613 4668 iam
3654 4615 3863 4691 supra
3884 4589 4099 4666 locuti
4122 4611 4361 4665 sumus
4375 4644 4397 4676 ‚

1379 4701 1794 4780 bibliotheca
1843 4705 2255 4806 locupletata
2303 4714 2412 4782 est
2455 4707 2655 4784 donis
2672 4767 2693 4798 ,
2770 4721 2925 4787 tum
2975 4711 3435 4811 professorum
3454 4770 3475 4802 ,
3534 4711 3747 4788 etiam
3784 4735 4023 4786 eorum
4040 4769 4061 4802 ,
4118 4711 4235 4810 qui
4276 4708 4398 4782 illo

1381 4841 1666 4896 munere
1707 4834 1846 4899 non
1894 4826 2190 4926 amplius
2237 4827 2310 4902 in
2357 4826 2485 4904 hac
2529 4829 2907 4908 Academia
2944 4831 3335 4932 funguntur
3352 4889 3373 4920 ,
3422 4839 3577 4907 tum
3618 4831 3927 4908 aliorum.
