4934 6184
1718 658 2300 744 ORATIO.
3439 659 3572 730 173

627 873 926 968 Quodsi,
976 917 1079 934 -
1120 871 1223 948 ita
1248 893 1451 972 porro
1478 870 1863 970 loquuntur
1878 928 1901 960 ,
1923 913 2029 933 —-·
2048 874 2331 971 propter
2354 868 2710 944 intensum
2735 867 2990 944 mentis
3013 868 3318 945 laborem
3343 867 3563 944 fames

530 1005 639 1084 et,
683 995 791 1071 uti
832 991 1151 1070 nonnulli
1203 990 1775 1080 observaverunt,
1822 990 2043 1068 maior
2090 989 2409 1066 animalis
2455 987 2698 1066 caloris
2750 987 3012 1088 gradus
3067 989 3320 1079 oritur,
3376 988 3570 1090 quod

526 1115 752 1190 solum
823 1139 865 1189 e
924 1109 1251 1186 materiae
1318 1109 1700 1187 mutatione
1779 1109 2037 1186 maiore
2106 1109 2431 1209 explicari
2494 1115 2758 1208 potest,
2829 1107 2906 1182 id
2978 1107 3394 1184 documento
3457 1116 3564 1183 est

528 1234 789 1310 maiora
844 1233 963 1308 illa
1012 1229 1315 1330 corporis
1376 1231 1703 1307 materiae
1766 1229 2131 1331 dispendia
2214 1254 2302 1304 ex
2361 1230 2630 1306 actione
2695 1226 2956 1304 cerebri
3023 1226 3394 1328 proficisci,
3465 1269 3567 1285 --

524 1353 1013 1454 cogitationem
1080 1349 1297 1450 igitur
1363 1372 1515 1426 esse
1592 1350 1921 1426 materiae
1988 1355 2259 1425 motum
2278 1407 2299 1440 ,
2364 1349 2823 1425 mutationem
2901 1373 3066 1449 ergo
3139 1348 3566 1425 substantiae

530 1471 812 1549 cerebri.

623 1593 711 1667 In
762 1589 1017 1666 mentis
1074 1590 1512 1667 contentione
1572 1591 1933 1668 cerebrum
1977 1591 2233 1667 moveri
2251 1651 2273 1681 ,
2320 1592 2612 1692 negabit
2659 1615 2903 1682 nemo;
2968 1592 3309 1669 actionem
3352 1591 3568 1692 partis

522 1711 823 1812 corporis
882 1709 1383 1811 cuiuscumque
1431 1735 1668 1788 secum
1727 1713 2169 1790 coniunctam
2214 1712 2472 1788 habere
2541 1712 2868 1788 materiae
2933 1711 3388 1788 mutationem
3457 1735 3568 1786 res

526 1840 633 1908 est
692 1831 1081 1921 notissima3
1146 1830 1336 1907 idem
1403 1832 1615 1908 etiam
1682 1831 1755 1906 in
1828 1831 2106 1908 cerebro
2150 1831 2299 1908 fieri
2317 1891 2339 1923 ‚
2390 1875 2496 1893 —-
2539 1833 2616 1907 id
2658 1857 2881 1908 unum
2929 1857 3018 1908 ex
3063 1833 3202 1907 ista
3245 1831 3568 1906 observa-

524 1953 710 2028 tione
757 1959 1049 2027 constat.
1149 1951 1661 2051 Cogitationem
1712 1951 1931 2052 igitur
1972 1977 2137 2028 cum
2194 1952 2524 2028 materiae
2578 1960 2778 2028 motu
2795 2011 2816 2042 ,
2859 1977 3024 2028 cum
3063 1951 3572 2053 permutatione

521 2071 848 2148 materiae
896 2071 969 2144 in
1014 2069 1293 2145 cerebro
1343 2095 1493 2146 esse
1538 2071 2016 2161 coniunctam,
2082 2071 2247 2146 inde
2293 2077 2573 2147 tantum
2625 2073 2975 2171 sequitur3
3024 2072 3151 2146 sed
3195 2072 3420 2171 ipsam
3457 2098 3569 2148 co-

523 2190 930 2290 gitationem
978 2188 1155 2264 nihil
1194 2213 1347 2266 esse
1387 2198 1660 2291 praeter
1708 2191 2036 2266 materiae
2082 2196 2352 2268 motum
2375 2249 2398 2280 ,
2442 2190 2610 2266 inde
2656 2190 2911 2267 deduci
2956 2190 3263 2290 legitime
3309 2191 3576 2291 nequit·

616 2310 957 2387 Nonnulli
996 2309 1363 2410 paululum
1416 2311 1753 2387 iactanter
1795 2319 2186 2387 memorant
2237 2312 2710 2412 experimenta
2764 2313 3220 2388 qunnusn
3240 2370 3262 2403 ,
3321 2321 3403 2388 ut
3449 2312 3573 2414 hy-

520 2431 839 2532 pothesin
880 2454 1083 2504 suam
1118 2429 1417 2505 firment.
1490 2431 1633 2506 Hic
1668 2455 1921 2532 nempe
1958 2431 2381 2520 observavit,
2422 2431 2484 2506 si
2521 2432 2596 2506 in
2630 2431 2876 2508 avibus
2911 2457 3034 2531 per
3069 2439 3284 2508 strata
3315 2433 3577 2509 cerebri

522 2550 913 2626 substantia
964 2547 1282 2637 tollatur,
1334 2572 1459 2649 per
1506 2550 1767 2651 gradus
1813 2573 2215 2626 evanescere
2262 2549 2628 2625 facultates
2669 2550 3026 2651 psychicas
3042 2609 3064 2639 ,
3113 2551 3332 2626 donec
3351 2609 3373 2641 ,
3427 2559 3576 2627 toto

523 2669 800 2746 cerebro
869 2667 1143 2744 sublato
1159 2726 1180 2757 ,
1252 2669 1479 2744 omnis
1548 2669 1842 2746 facultas
1899 2668 2359 2770 perceptionis
2418 2693 2782 2770 corporeae
2833 2675 3072 2776 pereat
3133 2676 3206 2745 et
3253 2668 3578 2745 animalia

525 2790 673 2865 sine
737 2793 939 2864 motu
1004 2797 1333 2865 maneant
1348 2847 1371 2878 ‚
1438 2813 1581 2889 quo
1652 2789 1835 2865 facto
1906 2797 2141 2865 tamen
2186 2812 2311 2889 per
2356 2787 2593 2888 plures
2637 2813 2914 2864 menses
2969 2797 3218 2865 'earum
3269 2787 3412 2863 vita
3454 2787 3576 2863 ali·

524 2908 783 2984 mentis
798 2966 820 2996 ,
893 2907 1181 2984 artificio
1248 2909 1539 3008 ingestis
1553 2968 1574 2999 ,
1652 2909 2025 2984 sustentari
2071 2908 2313 3010 possit.
2419 2938 2456 2979 n
2473 2908 2740 2998 Quid'’,
2789 2907 3022 3008 inquit
3082 2909 3534 2984 Bucunnaus
3552 2965 3574 2996 ,

532 3059 569 3098 n
594 3028 777 3104 ultra
834 3027 1127 3127 requiris
1184 3026 1259 3103 in
1316 3028 1899 3105 demonstratione
1955 3027 2261 3130 psychen
2317 3035 2391 3105 et
2443 3028 2806 3104 cerebrum
2862 3053 3080 3105 unam
3142 3028 3577 3128 eandemque

520 3173 677 3226 rem
717 3173 905 3242 esse,
946 3148 1005 3222 si
1042 3173 1119 3224 re
1156 3149 1308 3249 ipsa
1341 3149 1564 3226 cultro
1596 3157 1829 3250 partes
1870 3148 2180 3250 singulas
2212 3149 2429 3226 animi
2462 3147 2858 3250 praecidere
2884 3155 2958 3226 et
2988 3150 3228 3225 tollere
3261 3149 3573 3226 detur?”

621 3267 761 3344 Vix
825 3292 1005 3368 opus
1068 3268 1199 3344 erit
1220 3327 1241 3358 ,
1310 3278 1393 3345 ut
1448 3293 1769 3346 moneam
1793 3328 1814 3360 ‚
1858 3295 1949 3346 ex
1994 3269 2335 3346 eiusmodi
2395 3271 2886 3370 experimentis
2933 3271 3280 3371 legitimas
3325 3269 3400 3344 in
3445 3267 3576 3346 hac

522 3413 597 3464 re
642 3389 1118 3465 conclusiones
1179 3389 1431 3466 deduci
1487 3415 1627 3466 non
1688 3415 1891 3491 posse
1909 3449 1931 3481 ‚
1993 3399 2119 3468 aut
2174 3397 2256 3466 ut
2315 3413 2639 3467 moneam
2699 3391 3041 3468 eiusmodi
3105 3388 3576 3490 experimenta

521 3509 594 3584 in
646 3508 1065 3586 animalibus
1119 3508 1302 3586 facta·
1348 3535 1490 3586 non
1539 3534 1625 3586 ex
1674 3519 1823 3586 toto
1878 3511 1969 3586 ad
2014 3510 2371 3586 hominem
2420 3509 2775 3586 transferri
2831 3535 3056 3611 posse.
3159 3509 3300 3584 Sed
3356 3533 3571 3609 pona·

523 3653 683 3704 mus
726 3629 971 3706 eodem
1016 3637 1271 3704 eventu
1317 3655 1401 3706 ea
1455 3633 1528 3705 in
1578 3629 1858 3706 homine
1904 3631 2057 3730 ipso
2104 3628 2321 3706 fuisse
2362 3630 2546 3708 facta
2563 3688 2583 3719 ‚
2633 3630 3188 3706 demonstrarent
3223 3638 3458 3705 tamen
3497 3628 3573 3702 id
3689 3639 3692 3643 ’

524 3772 747 3824 unum
810 3756 1087 3824 tantum
1104 3808 1125 3839 ,
1199 3755 1471 3825 arctum
1520 3774 1671 3824 esse
1724 3751 2081 3824 vinculum
2141 3750 2323 3824 inter
2370 3748 2733 3825 cerebrum
2795 3757 2868 3824 et
2905 3749 3256 3824 'actionem
3299 3745 3572 3846 psychi-

524 3894 675 3946 cam
689 3926 711 3958 ,
758 3915 859 3930 —
906 3893 1155 3970 corpus
1198 3869 1499 3945 hominis
1550 3869 1659 3944 vel
1699 3868 1979 3944 cerebro
2023 3867 2297 3944 sublato
2346 3867 2563 3943 vitam
2605 3867 3004 3968 plantarum
3047 3867 3228 3941 vitae
3271 3864 3568 3941 similem

522 4013 725 4089 posse
790 4013 993 4089 agere
1009 4046 1031 4079 ,
1100 3990 1225 4065 sed
1272 4013 1501 4091 neque
1564 3989 2037 4089 experimento
2100 3987 2443 4064 eiusmodi
2458 4047 2482 4080 ,
2545 4011 2778 4088 neque
2843 3987 2986 4064 ullo
3039 3985 3178 4063 alio
3219 4009 3302 4066 eo
3357 3985 3568 4086 perti-

523 4116 733 4184 nente
774 4108 1349 4187 demonstraveris
1398 4116 1587 4188 certo
1632 4108 1939 4210 psychen
1986 4118 2057 4186 et
2100 4108 2461 4186 cerebrum
2509 4108 2700 4184 idem
2742 4132 2915 4187 esse.

542 4273 553 4280 ·
625 4230 703 4303 Si
770 4228 983 4304 libere
1000 4287 1021 4318 ,
1095 4230 1243 4306 sine
1328 4230 1812 4332 praeiudicatis
1887 4229 2332 4331 opinionibus
2398 4255 2510 4306 res
2582 4239 2945 4332 reputent,
3025 4230 3226 4308 fateri
3311 4228 3570 4304 debent

524 4347 911 4450 physiologi
933 4406 954 4437 ,
1020 4373 1093 4423 se
1166 4349 1255 4425 de
1310 4352 1525 4427 animi
1593 4353 1893 4430 essentia
1958 4352 2134 4428 nihil
2184 4341 2572 4451 quidquam
2625 4377 2754 4429 nos
2803 4353 3046 4428 docere
3096 4373 3320 4449 posse.
3420 4347 3573 4423 Nec

526 4468 819 4544 mirum!
892 4467 1047 4542 fons
1112 4470 1525 4570 praecipuus
1590 4472 2139 4573 investigationis
2208 4472 2720 4573 physiologicae
2791 4472 2906 4546 hic
2977 4493 3198 4569 paene
3266 4490 3354 4542 ex
3422 4466 3571 4543 toto

524 4589 925 4692 praeclusus
975 4595 1120 4678 est,
1172 4590 1721 4689 experimentum
1766 4616 2017 4691 nempe
2036 4650 2057 4681 ,
2106 4592 2307 4667 cuius
2360 4616 2494 4690 ope
2535 4591 3000 4689 quodcunque
3043 4587 3116 4661 in
3155 4588 3286 4662 hac
3325 4611 3400 4662 re
3445 4587 3568 4663 ob-

528 4709 909 4786 servatione
990 4717 1263 4786 constat
1350 4709 1563 4785 veluti
1647 4710 1740 4786 ad
1834 4710 2171 4786 amussim
2245 4710 2433 4809 exigi
2498 4709 2739 4809 possit.
2860 4709 3221 4784 Praeterea
3279 4729 3568 4808 campus

530 4831 661 4906 iste
680 4889 699 4922 ,
770 4831 843 4905 in
915 4853 1057 4931 quo
1124 4830 1467 4908 actionem
1523 4853 1723 4908 suam
1786 4830 2125 4922 ostendit,
2192 4838 2377 4908 terra
2420 4830 2629 4932 plane
2669 4829 3026 4931 incognita
3071 4827 3392 4940 habenda
3437 4838 3565 4907 est.
