4934 6184
1790 699 2343 770 ORA-TIO.
3225 717 3232 724 ·
3451 699 3579 768 169

545 919 833 995 minime
875 917 1115 1018 possit.
1214 912 1801 1012 Quotiescumque
1834 911 2197 1012 disciplina
2239 909 2524 1010 physica
2569 917 2858 985 conatur
2907 907 3292 1008 transgredi
3327 907 3583 984 limites

547 1064 713 1115 suae
780 1037 1063 1114 ditionis
1083 1094 1103 1127 ,
1172 1030 1485 1135 pervenit
1549 1033 1641 1108 ad
1709 1033 2123 1134 hypotheses
2142 1089 2163 1120 ,
2234 1030 2407 1131 quin
2477 1030 2568 1104 ad
2622 1029 3036 1130 hypotheses
3109 1035 3180 1101 et
3241 1053 3448 1104 vanas
3515 1035 3588 1102 et

542 1159 823 1235 inutiles
838 1217 860 1249 ‚
926 1181 1107 1257 quae
1180 1154 1272 1231 ad
1300 1231 1307 1237 ,
1334 1152 1751 1229 evidentiam
1835 1177 1963 1229 nos
2029 1151 2405 1252 perducere
2468 1149 2880 1248 neutiquam
2946 1146 3252 1247 possint,
3327 1148 3436 1232 vel
3505 1172 3590 1223 ea

544 1278 690 1356 sola
732 1279 820 1353 de
862 1301 1103 1364 causa,
1153 1273 1344 1374 quod
1388 1296 1607 1373 quum
1654 1297 1739 1348 eo
1787 1272 2174 1372 pervenerit
2221 1297 2363 1371 quo
2408 1271 2713 1346 diximus
2729 1329 2748 1358 ,
2797 1269 2872 1344 in
2917 1266 3244 1344 materiae
3283 1275 3586 1342 contem-

543 1397 849 1499 platione
900 1395 1093 1470 notio
1146 1393 1547 1494 sempiterni
1600 1393 1963 1468 cuiusdam
2017 1417 2180 1469 cum
2221 1391 2371 1467 eius
2406 1390 2689 1466 notione
2740 1388 3078 1464 cohaeret.
3179 1387 3594 1463 Cuiusmodi

545 1519 739 1594 notio
789 1517 935 1592 sive
982 1539 1137 1591 eam
1192 1514 1281 1589 de
1341 1513 1657 1603 materie,
1709 1513 1852 1588 sive
1903 1513 1997 1588 de
2038 1513 2246 1588 rebus
2298 1509 2788 1611 metaphysicis
2845 1515 3082 1584 mente
3141 1507 3342 1583 nobis
3381 1507 3590 1582 infor-

544 1661 735 1713 mare
805 1636 1137 1724 velimus,
1206 1635 1281 1710 in
1354 1635 1525 1724 hac,
1618 1633 1877 1733 quippe
1948 1632 2210 1708 finibus
2292 1631 2439 1707 suis
2520 1628 3076 1728 circumscripta,
3166 1628 3258 1703 ad
3340 1629 3594 1703 claram

545 1732 851 1857 aliquam
904 1757 1129 1832 lucem
1178 1753 1379 1830 evehi
1426 1778 1568 1829 non
1618 1761 1887 1854 potest,
1960 1753 2084 1828 sed
2135 1753 2419 1828 tandem
2464 1751 2568 1826 illi
2621 1750 2889 1825 nolenti
2951 1749 3210 1825 volenti
3259 1773 3409 1824 sese
3467 1748 3592 1824 ob-

546 1877 787 1964 trudit.
890 1875 1049 1950 Sive
1092 1875 1233 1950 iam
1280 1873 1640 1950 materiem
1662 1931 1683 1962 ,
1756 1897 1937 1974 quae
1988 1897 2258 1973 semper
2325 1871 2568 1961 fuerit,
2639 1871 3054 1970 cogitemus,
3131 1870 3272 1946 sive
3338 1870 3594 1946 formas

544 1996 943 2096 plantarum
1013 2003 1087 2070 et
1134 1994 1597 2070 animantium
1642 1993 2025 2070 habeamus
2093 1992 2380 2069 effectus
2444 1992 2888 2068 materiemm
2959 2015 3107 2066 sese
3155 1999 3403 2066 mutuo
3451 1992 3596 2066 affi-

544 2115 875 2192 cientium
938 2113 1071 2189 sub
1139 2113 1653 2189 conditionibus
1666 2173 1687 2203 ‚
1749 2137 1929 2214 quae
1994 2112 2201 2187 hodie
2264 2136 2401 2186 non
2466 2110 2768 2209 amplius
2835 2111 2977 2184 sint
2995 2169 3015 2200 ,
3079 2135 3307 2210 neque
3347 2120 3598 2211 agant,

545 2235 685 2308 sive
748 2231 953 2308 nobis
1009 2233 1364 2332 fingamus
1430 2231 1669 2307 earum
1728 2231 2141 2308 creationem
2165 2289 2185 2318 ,
2254 2273 2353 2290 —
2418 2229 2597 2305 nihil
2657 2231 2866 2306 refert
2936 2230 3027 2306 ad
3096 2230 3341 2330 ipsam*
3395 2241 3598 2307 natu-

542 2378 657 2430 rae
720 2352 1324 2452 investigationem
1344 2411 1365 2442 ,
1417 2351 1540 2426 sed
1586 2377 1867 2450 prorsus
1918 2352 2173 2426 falsum
2233 2362 2339 2426 est
2355 2408 2375 2441 ‚
2440 2352 2856 2426 contendere
2876 2411 2897 2441 ‚
2963 2360 3268 2428 nostram
3319 2352 3407 2426 de
3456 2378 3599 2428 ma-

546 2474 715 2550 terie
766 2472 1126 2549 scientiam
1184 2477 1381 2546 extra
1421 2494 1699 2547 omnem
1766 2471 2273 2546 dubitationem
2328 2494 2616 2569 ponere,
2680 2496 2834 2546 eam
2893 2496 3164 2570 semper
3216 2472 3429 2546 fuisse
3444 2531 3464 2561 ,
3531 2481 3603 2546 et

548 2601 840 2669 naturae
877 2591 1479 2691 investigationem
1538 2599 1845 2667 nostram
1904 2599 2356 2690 spontaneam
2392 2590 2854 2666 evolutionem
2887 2590 3266 2691 quamdam
3304 2591 3601 2690 primam

547 2710 1096 2812 organismorum
1148 2710 1249 2786 ita
1298 2710 1541 2785 docere
1559 2767 1581 2801 ,
1630 2718 1713 2785 ut
1757 2711 1929 2786 haec
1972 2735 2083 2785 res
2136 2709 2327 2784 omni
2372 2709 2592 2786 dubio
2643 2711 2862 2786 maior
2904 2710 3226 2786 habenda
3273 2710 3388 2786 sit.
3471 2713 3602 2786 Est

549 2831 835 2932 quidem
884 2830 1013 2904 hoc
1045 2828 1497 2904 ‘mendacium
1518 2887 1538 2920 ,
1592 2829 1783 2929 quod
1824 2856 1951 2931 pro
2000 2831 2285 2907 veritate
2324 2831 2530 2905 nobis
2565 2830 2937 2907 obtrudere
2983 2830 3178 2929 cupit
3222 2829 3340 2906 illa
3379 2831 3600 2929 philo-

549 2951 793 3052 sophia
836 2957 907 3026 et
948 2974 1090 3049 quo
1128 2948 1417 3024 minime
1455 2949 1953 3041 demonstrato,
1994 2973 2214 3051 quum
2258 2975 2388 3027 neo
2426 2950 2884 3026 demonstrari
2925 2957 3167 3050 queat,
3205 2959 3418 3051 negat
3451 2975 3600 3026 esse

549 3096 811 3148 numen
874 3071 1134 3146 altioris
1190 3069 1453 3148 ordinis
1520 3094 1729 3171 supra
1790 3070 2151 3148 materiem
2212 3071 2518 3172 positum
2534 3130 2556 3162 ‚
2625 3071 2816 3171 quod
2871 3095 3113 3148 omnes
3167 3096 3278 3148 res
3329 3078 3600 3148 susten-

550 3198 672 3267 tet.
724 3229 826 3252 --
870 3191 1241 3268 Eiusmodi
1286 3214 1548 3267 numen
1604 3191 1897 3267 existere
1948 3215 2090 3267 non
2134 3198 2242 3278 est
2294 3217 2403 3268 res
2454 3193 2546 3268 ab
2591 3191 2786 3267 omni
2840 3199 3037 3292 parte
3083 3201 3269 3272 certa
3313 3191 3599 3269 demon-

554 3311 885 3387 stratione
928 3311 1147 3388 evicta
1186 3311 1260 3388 in
1292 3310 1673 3411 disciplinis
1711 3310 2037 3412 physicis.
2058 3353 2159 3370 —
2180 3311 2268 3387 Id
2309 3312 2586 3388 credere
2599 3371 2619 3401 ,
2660 3336 2800 3387 non
2825 3312 2998 3388 scire
3021 3311 3222 3387 nobis
3250 3312 3477 3390 datur.
3502 3355 3605 3372 «-

418 3443 423 3446 ’
549 3432 690 3506 Sed
736 3431 972 3532 opinio
1014 3438 1122 3508 est
1140 3490 1163 3521 ‚
1211 3455 1392 3530 quae
1452 3430 1834 3508 innumeris
1892 3433 2105 3508 rebus
2150 3432 2534 3508 observatis
2580 3439 2946 3531 tantopere
2997 3433 3316 3509 firmatur
3369 3433 3602 3533 potius

548 3575 759 3650 quam
803 3551 1139 3627 refellitur
1155 3610 1176 3641 ,
1225 3559 1309 3627 ut
1348 3552 1443 3627 ad
1484 3553 1587 3628 rei
1629 3551 2137 3628 demonstratae
2168 3551 2584 3653 dignitatem
2605 3560 2678 3628 et
2711 3552 3070 3628 veritatem
3097 3552 3399 3630 accedat.
3454 3553 3606 3629 Ista
3682 3628 3685 3630 ,

551 3671 693 3746 sive
747 3670 981 3770 opinio
999 3730 1019 3760 ,
1070 3671 1215 3748 sive
1260 3672 1435 3746 fides
1487 3679 1743 3770 aequat
1789 3679 2183 3770 temporum
2229 3673 2494 3748 ratione
2549 3671 2906 3747 historiam
2957 3671 3230 3770 generis
3276 3671 3601 3759 humani,

548 3814 778 3889 neque
828 3789 1025 3864 deest
1064 3789 1193 3865 ulli
1238 3791 1349 3866 vel
1381 3791 1621 3876 leviter
1650 3789 1879 3866 cultae
1918 3791 2284 3866 hominum
2326 3791 2556 3890 genti,
2609 3797 2772 3864 utut
2796 3788 3019 3863 forma
3031 3789 3195 3884 ,eius
3220 3788 3408 3888 apud
3433 3787 3604 3864 alias

554 3909 861 4006 aliasque
894 3909 1163 3986 diversa
1202 3917 1345 4000 est3
1382 3909 1585 3985 nobis
1615 3907 1815 4009 quasi
1840 3907 2082 3985 innata
2104 3917 2211 3984 est
2234 3934 2529 4009 eamque
2558 3909 2650 4010 ad
2675 3915 2966 3983 naturae
2993 3906 3598 4008 investigationem

557 4030 961 4105 accedentes
1004 4037 1247 4130 sponte
1289 4030 1705 4120 adserImus3
1744 4029 1867 4105 sed
1910 4053 2052 4105 non
2091 4029 2295 4106 nobis
2316 4029 2716 4106 facultatem
2743 4029 2962 4105 demit
2991 4031 3206 4107 seriae
3228 4030 3598 4131 investiga-

556 4148 802 4237 tionis;
855 4157 1067 4224 testes
1110 4151 1209 4225 rei
1264 4159 1428 4227 sunt
1463 4150 1758 4251 insignis
1796 4149 2207 4226 eximiorum
2258 4149 2822 4252 physiologorum
2859 4175 3227 4242 numerus;
3277 4197 3376 4210 —
3425 4152 3597 4251 quin

558 4269 695 4343 ista
734 4267 911 4343 fides
949 4269 1554 4371 investigationem
1594 4279 1901 4348 nostram
1946 4271 2175 4348 evehit
2215 4272 2307 4348 ad
2350 4271 2764 4372 dignitatem
2811 4272 3140 4348 maiorem
3155 4330 3176 4360 ,
3227 4295 3448 4370 quum
3480 4294 3606 4368 per

562 4413 716 4463 eam
751 4389 1009 4464 nimius
1034 4415 1227 4466 amor
1252 4392 1361 4468 sui
1388 4393 1463 4466 in
1490 4393 1769 4468 homine
1796 4392 2307 4493 comprimatur.
2333 4439 2431 4454 --
2461 4391 2746 4468 Creator
2775 4400 2846 4466 et
2876 4399 3298 4468 sustentator
3316 4389 3564 4465 mundi
3582 4448 3605 4480 ,

562 4533 773 4609 quem
824 4509 1259 4610 philosophia
1310 4511 1429 4587 illa
1468 4513 1765 4612 superba
1810 4513 2115 4612 respuit,
2174 4511 2647 4611 investigatori
2691 4519 2980 4586 naturae
3028 4535 3071 4586 a
3117 4509 3604 4607 praeiudicatis

556 4629 1003 4729 opinionibus
1044 4630 1347 4706 liberiori
1390 4656 1465 4706 se
1507 4631 1733 4707 obfert
1758 4632 1833 4707 in
1878 4632 2119 4730 quovis
2145 4631 2656 4732 phaenomeno,
2707 4629 2917 4704 modo
2947 4651 3034 4703 ne
3065 4629 3466 4728 singulatim
3497 4655 3606 4708 res

560 4751 969 4850 perquirens
1028 4750 1475 4827 obliviscatur
1528 4775 1759 4826 rerum
1812 4749 2147 4840 universi,
2208 4773 2339 4825 nec
2385 4748 2691 4849 partium
2743 4748 3113 4847 particulas
3162 4749 3604 4828 considerans

564 4869 927 4948 immemor
972 4869 1063 4947 sit
1108 4895 1366 4964 nexus,
1414 4896 1557 4974 quo
1598 4881 1887 4950 cunctae
1933 4893 2168 4947 secum
2216 4869 2516 4947 invicem
2563 4868 3101 4970 coniunguntur.
