4934 6184
1760 669 2321 742 ORATIO.
3441 672 3568 742 175

528 904 687 960 mus
703 937 724 970 ,
772 902 946 956 num
994 878 1171 978 ferte
1219 877 1711 979 contemplatio
1767 879 2247 980 psychicarum
2296 877 2736 956 functionum
2799 878 3104 981 ipsarum
3149 904 3298 957 rem
3349 879 3574 981 magis

522 1001 865 1080 illustrare
917 1006 1189 1100 posset3
1242 999 1369 1084 sed
1430 993 1786 1100 responsio
1847 999 1940 1075 ad
1987 999 2165 1076 hanc
2214 999 2695 1101 quaestionem
2716 1057 2739 1089 ,
2811 1025 2990 1098 quae
3041 999 3436 1101 opinionem
3484 1001 3572 1076 de

524 1121 781 1222 psyche
834 1145 959 1221 per
1000 1145 1075 1196 se
1120 1126 1480 1195 constante
1528 1119 1833 1196 multum
1872 1121 2340 1212 confirmaret,
2391 1121 2617 1220 posita
2663 1127 2770 1196 est
2813 1128 3008 1197 extra
3049 1120 3336 1216 limites,
3391 1121 3576 1197 intra

524 1266 701 1342 quos
774 1265 888 1317 me
956 1240 1307 1316 continere
1371 1239 1659 1316 decrevi.
1764 1241 2096 1341 Superest
2164 1248 2247 1316 ut
2298 1241 2490 1316 brevi
2554 1241 2776 1316 dicam
2849 1239 2938 1316 de
3003 1240 3256 1316 effectu
3275 1298 3295 1329 ,
3362 1265 3574 1341 quem

521 1360 957 1462 philosophia
1002 1359 1121 1436 illa
1168 1361 1228 1436 si
1278 1359 1487 1437 latius
1532 1368 1762 1461 serpat
1806 1362 1880 1437 in
1920 1361 2195 1462 generis
2234 1361 2526 1438 humani
2584 1361 2982 1438 societatem
3031 1359 3308 1450 ederet3
3363 1384 3574 1460 quem

522 1480 810 1580 quidem
858 1479 1147 1555 noxium
1193 1479 1339 1554 fore
1385 1479 1527 1555 iam
1580 1489 1786 1558 antea
1834 1481 2000 1558 dixi.

622 1600 787 1675 Non
844 1624 1021 1699 opus
1088 1610 1197 1674 est
1257 1608 1339 1675 ut
1397 1599 1913 1701 psychologiam
1972 1601 2246 1677 illorum
2266 1660 2287 1691 ,
2361 1607 2708 1699 quatenus
2771 1601 2860 1676 de
2923 1625 3005 1677 ea
3066 1608 3574 1700 exposuerunt,

522 1719 815 1796 tradam.
918 1720 1159 1796 Unum
1219 1720 1395 1821 quid
1450 1729 1663 1821 caput
1708 1722 1811 1798 rei
1870 1727 2015 1812 est,
2064 1721 2191 1797 ubi
2230 1722 2319 1797 de
2366 1721 2574 1797 istius
2619 1722 2970 1798 doctrinae
3013 1721 3312 1797 efficacia
3353 1721 3575 1820 loqui-

519 1864 713 1928 mur,
782 1864 1031 1941 nempe
1109 1846 1389 1916 omnem
1450 1841 1793 1918 actionem
1856 1842 2251 1944 psychicam
2320 1867 2464 1918 non
2533 1867 2682 1918 esse
2703 1901 2723 1932 ,
2794 1843 2930 1917 nisi
2999 1842 3341 1918 actionem
3417 1867 3573 1918 mu-

522 1967 719 2036 tuam
766 1961 1219 2036 materiei-um
1258 1961 1669 2038 necessitate
1706 1971 2103 2038 coactarum
2148 1971 2219 2038 et
2276 1988 2363 2039 ex
2408 1962 2684 2062 legibus
2746 1962 3070 2038 chemicis
3131 1971 3202 2038 et
3252 1985 3260 1990 ·
3268 1962 3578 2062 physicis

522 2080 1003 2180 pendentium.
1106 2081 1347 2156 Brevi:
1399 2081 1607 2156 homo
1660 2082 1983 2158 machina
2049 2091 2196 2173 est,
2266 2082 2429 2158 licet
2473 2081 2794 2157 machina
2849 2082 3152 2158 sentiens
3170 2141 3191 2172 ,
3261 2082 3576 2160 idearum
3679 2139 3692 2146 -

530 2224 813 2276 suarum
866 2200 1179 2290 conscia,
1228 2200 1582 2301 cogitans,
1633 2203 1759 2278 sed
1818 2203 2141 2280 machina
2191 2210 2431 2279 tamen
2450 2261 2472 2292 ,
2523 2227 2704 2302 quae
2750 2227 2793 2277 a
2845 2203 3054 2278 rebus
3103 2202 3394 2278 internis
3454 2229 3577 2303 pa-

524 2320 691 2396 riter
733 2328 805 2395 et
840 2320 1143 2396 externis
1192 2321 1295 2397 ita
1334 2322 1680 2422 dependet
1734 2332 1807 2399 et
1858 2325 1946 2400 ab
2010 2323 2121 2400 his
2183 2326 2482 2424 regitur,
2531 2330 2616 2397 ut
2680 2321 2980 2412 arbitrii,
3030 2323 3222 2423 quod
3279 2322 3578 2398 liberum

518 2462 757 2515 vocare
804 2439 1105 2514 solemus
1118 2495 1141 2526 ‚
1186 2437 1261 2512 in
1314 2438 1597 2514 homine
1650 2447 1723 2516 et
1776 2442 2151 2518 voluntatis
2210 2467 2301 2516 ne
2347 2441 2719 2541 vestigium
2772 2443 3060 2542 quidem
3119 2443 3571 2542 relinquatur.

525 2558 898 2636 nActiones
945 2547 1309 2634 hominum
1331 2561 1400 2648 ‚”
1448 2560 1683 2661 inquit
1731 2560 2061 2640 Voerrus
2080 2621 2101 2652 ,
2159 2591 2195 2634 n
2214 2585 2353 2638 non
2426 2568 2594 2636 sunt
2659 2561 2798 2636 nisi
2848 2561 3134 2637 effectus
3179 2562 3578 2638 nutritionis

520 2686 595 2754 et
624 2678 957 2756 materiae
986 2679 1393 2755 mutationis
1421 2680 1496 2754 in
1528 2682 1807 2757 cerebro
1825 2740 1847 2772 ,
1882 2682 2035 2786 ipso
2068 2682 2187 2757 illo
2200 2741 2221 2772 ,
2258 2707 2399 2781 quo
2428 2682 2590 2783 quis
2617 2681 2886 2782 aliquid
2917 2687 3115 2782 agat,
3151 2685 3576 2757 momento.”

614 2799 704 2874 In
762 2797 1025 2875 credita
1072 2800 1203 2875 hac
1248 2801 1658 2878 necessitate
1726 2802 2015 2878 actionis
2060 2803 2353 2903 psyches
2372 2861 2395 2893 ,
2463 2827 2605 2903 qua
2664 2802 2966 2877 hominis
3014 2801 3378 2878 arbitrium
3400 2860 3420 2890 ,
3471 2803 3579 2877 uti

520 2919 669 3017 ipse
703 2917 1037 2994 Voerms
1102 2919 1455 2995 concludit
1471 2978 1492 3009 ,
1530 2920 1621 2996 ab
1656 2922 1849 2998 omni
1888 2922 2093 3023 culpa
2130 2947 2427 3000 vacuum
2464 2922 2750 3022 ponitur
2789 2927 2862 2996 et
2907 2927 3154 3021 sponte
3203 2945 3330 2998 sua
3372 2921 3577 3022 quid-

524 3063 739 3138 quam
783 3039 1083 3116 faciendi
1138 3038 1433 3118 facultas
1489 3040 1759 3118 homini
1815 3043 2145 3120 eximitur
2161 3102 2182 3133 ,
2254 3043 2381 3120 ubi
2443 3065 2608 3118 cum
2673 3041 3092 3118 conscientia
3139 3041 3250 3151 sui
3314 3040 3580 3141 aliquid

520 3161 707 3261 agit,
759 3159 893 3236 sita
940 3167 1087 3251 est,
1138 3169 1221 3237 ut
1260 3161 1467 3263 plane
1516 3162 1743 3240 dicam
1765 3223 1787 3255 ,
1830 3165 2049 3265 pestis
2098 3164 2311 3240 huius
2355 3162 2852 3265 philosophiae.

620 3281 699 3357 Si
760 3289 1051 3358 naturae
1108 3283 1481 3360 necessitas
1534 3283 1655 3361 illa
1693 3285 1768 3360 in
1806 3283 1937 3362 hac
1978 3310 2054 3361 re
2092 3284 2453 3374 existeret,
2505 3329 2605 3344 --·
2651 3283 2712 3358 si
2747 3281 3084 3384 principia
3127 3281 3352 3383 prima
3391 3279 3580 3356 illius

519 3401 993 3504 philosophiae
1050 3427 1211 3479 vera
1258 3411 1527 3494 essent,
1574 3449 1675 3468 --
1724 3429 1865 3480 non
1914 3405 2149 3481 liceret
2188 3404 2383 3504 loqui
2425 3404 2516 3480 de
2555 3402 2763 3480 noxia
2815 3403 2882 3479 vi
2927 3402 3140 3478 huius
3189 3399 3577 3492 doctrinae3

520 3523 645 3598 sed
698 3531 849 3598 tum
898 3548 1177 3625 quoque
1223 3549 1333 3600 res
1379 3533 1563 3602 esset
1611 3532 1683 3600 et
1732 3525 1999 3602 inutilis
2052 3533 2125 3601 et
2185 3549 2690 3626 supervacanea
2735 3549 2898 3600 cum
2945 3547 3102 3600 eam
3166 3523 3537 3599 defendere
3555 3579 3576 3610 ,

520 3651 674 3719 tum
718 3669 871 3718 eam
926 3667 1353 3745 oppugnare.
1454 3645 1852 3744 Utrumque
1916 3653 2155 3722 tamen
2220 3646 2342 3734 fit,
2412 3652 2487 3720 et
2531 3645 2664 3720 hoc
2709 3643 2946 3742 ipsum
3009 3642 3076 3716 ei
3135 3641 3575 3754 adversatum
3686 3629 3689 3631 ⁵

520 3787 651 3838 nec
722 3764 958 3838 minus
1031 3763 1437 3839 adversatur
1502 3764 1775 3838 interna
1853 3787 2130 3863 pugna,
2203 3787 2383 3862 quae
2454 3762 2760 3838 cernitur
2807 3761 2882 3835 in
2935 3760 3054 3834 illa
3072 3816 3092 3846 ,
3163 3783 3385 3857 quum
3425 3760 3578 3858 ipso

520 3882 641 3959 illo
676 3889 985 3984 tempore
1000 3943 1021 3974 ,
1064 3908 1205 3984 quo
1264 3883 1557 3959 liberam
1626 3883 2186 3983 qualemcunque
2246 3880 2542 3994 psyches
2591 3881 2935 3956 actionem
2989 3885 3234 3978 negat,
3296 3877 3574 3956 liberta-

520 4011 666 4080 tem
725 4004 861 4080 sibi
909 4013 1233 4106 exposcat
1279 4011 1351 4079 et
1402 4004 1741 4081 libertatis
1812 4027 2022 4080 causa
2084 4003 2345 4079 scilicet
2402 4026 2683 4078 omnem
2736 3998 3217 4078 auctoritatem
3277 3998 3574 4076 civitatis

523 4133 595 4200 et
659 4126 982 4202 ecclesiae
1048 4133 1430 4226 oppugnet.
1548 4125 1852 4218 Quodsi,
1928 4125 2037 4199 uti
2108 4124 2211 4200 illi
2285 4121 2678 4225 philosophi
2752 4121 3036 4211 volunt,
3101 4118 3310 4195 homo
3381 4119 3574 4196 nulla

523 4244 839 4319 libertate
906 4245 1205 4342 gaudet,
1276 4247 1468 4323 nullo
1522 4271 1663 4322 non
1734 4253 2043 4346 tempore
2108 4241 2369 4322 viribus
2417 4239 2722 4321 externis
2767 4241 3034 4342 regitur
3051 4300 3071 4331 ,
3122 4263 3566 4339 quocumque

525 4359 805 4435 nomine
845 4385 961 4436 eas
1005 4362 1349 4461 appellare
1393 4364 1649 4441 lubeat.
1752 4365 1831 4440 Si
1879 4364 2138 4465 singuli
2188 4365 2503 4440 homines
2549 4389 2690 4441 non
2733 4371 2934 4450 sunt,
2982 4360 3118 4437 nisi
3161 4359 3240 4434 id
3286 4358 3477 4456 quod
3523 4383 3566 4434 a

525 4479 967 4580 parentibus,
1008 4481 1399 4557 nutricibus
1416 4509 1443 4572 ,·
1476 4531 1574 4548 --
1611 4485 1777 4560 locis
1795 4543 1816 4574 ,
1865 4485 2295 4584 temporibus
2314 4543 2335 4574 ,
2376 4531 2478 4548 --
2511 4494 2668 4562 aere
2709 4492 2782 4559 et
2821 4483 2972 4558 eius
2996 4482 3443 4578 tempestate,
3466 4519 3566 4536 -

528 4626 699 4678 sono
744 4610 817 4677 et
866 4601 1019 4676 luce
1040 4660 1061 4691 ,
1108 4645 1211 4664 --·
1256 4601 1617 4692 alimento,
1688 4605 2099 4679 vestimento
2164 4604 2487 4691 efficitur,
2538 4644 2638 4663 --
2703 4625 2910 4676 nemo
2989 4599 3360 4699 quisquam
3429 4597 3566 4674 alio

528 4720 737 4795 modo
750 4777 771 4809 ,
821 4743 1037 4820 quam
1084 4721 1470 4798 mutatione
1529 4723 1711 4798 facta
1758 4723 1835 4796 in
1886 4722 2155 4798 actione
2204 4722 2453 4798 virium
2514 4721 2789 4798 illarum
2807 4778 2828 4811 ,
2876 4717 3151 4796 liberari
3196 4725 3427 4819 potest
3475 4717 3563 4795 ab

528 4865 611 4920 ea
650 4840 791 4918 fide
807 4900 829 4933 ,
878 4867 1089 4943 quam
1138 4842 1240 4920 illi
1294 4843 1853 4945 superstitionem
1906 4867 2059 4920 esse
2102 4848 2377 4944 putant.
2477 4843 2630 4920 Nec
2696 4849 2932 4918 tamen
2987 4839 3299 4917 hodierni
3343 4837 3565 4941 philo·
