4934 6184
1372 691 1503 762 156
2110 691 2429 760 Nouum
2475 689 3062 761 Pnorrssonuu
3103 693 3205 760 m·
3251 689 3664 762 anroms.

1708 987 1723 998 ,
1776 923 1889 998 IN
1934 919 2506 999 FAGULTATE
2551 921 3282 1000 PHILOSOPHIAE
3325 921 4015 1000 THEORE'I'ICAE

2133 1042 2259 1118 ΕΤ
2304 1041 2886 1120 LITERARUM
2931 1041 3654 1122 HUMANIORUM.

1358 1227 1427 1289 F.
1468 1227 1535 1289 Ο.
1572 1243 1657 1290 nn
1692 1227 2035 1291 annum.
2889 1231 2983 1294 W.
3021 1233 3074 1294 Ι.
3123 1233 3198 1295 Δ.
3235 1229 3772 1296 IONOKBLOET.

1360 1333 1415 1396 1.
1474 1331 1549 1393 A.
1601 1331 1670 1394 c.
1720 1330 2033 1396 ROVEBS
2046 1377 2064 1407 ,
2134 1347 2373 1400 mense
2440 1323 2822 1402 Novembri
2889 1335 2984 1400 w.
3025 1334 3356 1398 linem
3369 1380 3387 1410 ,
3425 1325 3554 1426 qui
3595 1325 3668 1401 d.
3713 1327 3810 1400 22
3855 1347 3952 1410 m.
3993 1325 4408 1404 Decembris

1454 1435 1918 1514 Ultraiectum
1964 1433 2334 1536 profectus.
2985 1462 3246 1516 munus
3291 1437 3692 1538 auspicatus
3737 1443 3866 1514 est.

1354 1556 1409 1618 Ι.
1446 1557 1501 1619 1.
1548 1558 1615 1620 Ρ.
1652 1555 2051 1620 VALETON.
2887 1559 2958 1622 c.
2995 1557 3084 1622 u.
3123 1557 3562 1622 FBANOKEN
3573 1604 3592 1632 ,
3631 1547 3758 1648 qui
3777 1548 3849 1624 d.
3871 1551 3916 1628 7
3933 1571 4028 1626 m.
4047 1549 4403 1628 Februarii

1354 1656 1409 1720 Ι.
1456 1659 1531 1722 Δ.
1572 1657 1641 1721 0.
1682 1675 1809 1722 vm
1846 1655 2193 1732 Esusmt,
2234 1649 2361 1750 qui
2400 1673 2642 1726 mense
2669 1650 2816 1728 No·
2983 1683 3246 1738 munus
3289 1658 3689 1761 auspicatus
3733 1667 3863 1736 est.

1458 1755 1725 1836 vembri
1768 1782 2029 1838 munus
2076 1760 2418 1862 deposuit.

2252 1971 2365 2044 IN
2412 1971 2982 2050 FAGUL'I'A'I'E
3029 1970 3505 2048 IURIDICA.

1346 2153 1431 2214 Η.
1470 2153 1881 2218 mmmm.
2881 2163 2956 2226 B.
2995 2165 3067 2225 T.
3101 2160 3185 2224 Η.
3217 2163 3284 2224 P.
3317 2161 3388 2222 1..
3423 2161 3498 2224 A.
3521 2179 3642 2226 vm
3681 2161 4058 2224 BONEVAL
4095 2163 4354 2224 FAUBE
4373 2208 4397 2238 ,

1344 2254 1401 2318 Ι.
1438 2254 1522 2316 Η.
1566 2255 1944 2318 PHILIPSE.
2977 2257 3162 2333 me.
3215 2257 3450 2347 Extr„
3507 2257 3634 2358 qui
3694 2256 3766 2332 d.
3829 2258 3918 2332 17
3981 2281 4076 2334 m.
4127 2258 4394 2356 Aprilis

1350 2357 1419 2421 0·
1460 2357 1661 2422 STAB
1698 2357 2013 2424 NUMAN.
2975 2393 3238 2446 munus
3283 2369 3687 2470 auspicatus
3733 2375 3861 2444 est.

2276 2845 2668 2924 LEC'I'OR
2711 2847 3484 2926 PAEDAGOGICES.

1352 3038 1446 3099 w.
1486 3037 1843 3118 HEOKEB,
1896 3028 2023 3128 qui
2068 3028 2139 3108 d.
2190 3029 2286 3106 22
2336 3055 2430 3110 m.
2483 3031 2888 3110 Decembris
2934 3033 3346 3111 Professoris
3393 3057 3654 3110 munus
3701 3033 4012 3133 suscipit.
