4934 6184
1373 677 1460 750 58
2572 675 3207 744 J.J.PR1NS

1381 911 1502 962 nse
1557 884 1784 985 magis
1843 883 2208 983 magisque
2264 882 2499 984 gregis
2544 883 2943 985 exemplum
2992 881 3413 959 imitandum
3453 880 3851 980 praebeat.”
3950 882 4111 960 Hoc
4154 884 4371 986 igitur
4387 945 4407 976 ,

1376 1005 1572 1106 quod
1631 1003 1831 1080 nobis
1893 1003 2126 1078 animo
2187 1003 2524 1102 fingimus
2542 1062 2563 1093 ,
2631 1003 2823 1101 quod
2884 1007 3120 1078 mente
3183 1000 3398 1078 veluti
3450 1001 3841 1092 intuemur,
3906 1004 3999 1079 ad
4048 1005 4241 1104 quod
4286 1031 4410 1106 pro

1374 1126 1638 1202 viribus
1704 1125 2034 1201 enitimur
2051 1181 2074 1212 ,
2145 1122 2336 1222 quod
2415 1124 2709 1198 summis
2782 1121 3021 1198 efferre
3088 1119 3417 1196 laudibus
3472 1121 3939 1222 omnibusque
3990 1123 4411 1202 imitandum

1373 1269 1748 1348 proponere
1768 1303 1791 1335 ,
1839 1268 2003 1320 voce
2055 1266 2215 1318 vero
2261 1267 2342 1318 ac
2404 1243 2631 1318 verbis
2684 1243 2879 1321 haud
2926 1241 3095 1317 satis
3132 1241 3505 1341 depingere
3549 1243 3897 1333 valemus3
3948 1244 4079 1320 hoc
4120 1245 4407 1345 inquam

1371 1372 1658 1473 perfecti
1707 1371 2076 1446 Samorum
2115 1368 2452 1446 antistitis
2498 1368 2849 1469 exemplar
2869 1425 2892 1457 ,
2949 1374 3072 1442 aut
3116 1391 3247 1466 ego
3290 1365 3487 1442 fallor
3501 1422 3522 1455 ,
3572 1363 3987 1442 Auditores!
4040 1373 4167 1440 aut
4216 1365 4409 1440 nulla

1369 1491 1506 1568 alia
1519 1550 1540 1582 ,
1607 1515 1822 1591 quam
1874 1489 2004 1564 hac
2066 1496 2302 1564 nostra
2347 1487 2767 1563 Academica
2816 1487 3251 1563 institutione
3265 1543 3285 1576 ‚
3349 1481 3727 1586 prudenter
3774 1483 4087 1560 adhibita
4103 1543 4124 1574 ,
4174 1491 4401 1584 potest

1368 1633 1444 1685 re
1489 1609 1811 1709 factoque
1857 1608 1932 1684 in
1981 1607 2198 1684 vitam
2247 1607 2625 1684 transferri.

1465 2085 1799 2184 Superest
1815 2141 1836 2173 ,
1905 2091 1988 2159 ut
2005 2141 2026 2173 ,
2091 2083 2167 2158 in
2233 2083 2658 2184 auspicando
2718 2105 3009 2160 munere
3068 2080 3485 2160 Academico
3504 2133 3526 2174 ,
3592 2081 3801 2157 officii
3817 2139 3839 2170 ,
3910 2105 4053 2180 qua
4118 2087 4359 2158 teneor
4378 2139 4399 2171 ,

1371 2203 1704 2304 religione
1749 2227 1864 2278 me
1911 2203 2194 2278 solvam.

1464 2325 1586 2400 Ad
1651 2323 1796 2398 Vos
1863 2323 2082 2422 igitur
2148 2323 2374 2422 primo
2441 2323 2589 2398 loco
2654 2347 2769 2397 me
2828 2327 3150 2397 converto
3168 2380 3190 2411 ‚
3254 2318 3673 2395 Academiae
3716 2319 4403 2418 Lugduno-Batavae

1369 2443 1772 2519 Ciu-atores!
1845 2441 1998 2516 Viri
2041 2440 2489 2533 nobilissimi,
2536 2441 2984 2543 amplissimi!
3050 2439 3311 2540 quibus
3350 2439 3427 2513 id
3472 2437 3693 2514 debeo
3710 2497 3731 2528 ‚
3780 2439 3971 2536 quod
4014 2438 4089 2512 in
4134 2439 4399 2514 editum

1369 2565 1558 2638 hunc
1617 2563 1849 2638 locum
1868 2621 1888 2652 ‚
1957 2562 2274 2662 quamvis
2321 2563 2677 2661 trepidans
2696 2621 2717 2652 ,
2778 2561 3275 2637 adscenderim.
3374 2558 3595 2634 Vobis
3644 2558 3836 2634 enim
3884 2558 4283 2634 auctoribus
4334 2569 4405 2632 et

1367 2682 1768 2759 suasoribus
1835 2682 2100 2758 factum
2161 2688 2272 2756 cst
2291 2739 2312 2771 ,
2387 2689 2468 2756 ut
2536 2683 2755 2782 Regis
2825 2681 3045 2758 nostri
3114 2677 3593 2778 augustissimi
3658 2678 3936 2754 decreto
3954 2735 3977 2767 ,
4044 2701 4181 2753 una
4234 2702 4403 2754 cum

1364 2801 1962 2902 praestantissimo
2037 2801 2404 2877 Kunusuo
2425 2859 2445 2890 ,
2518 2801 2935 2902 Theologiae
3000 2800 3343 2902 professor
3412 2798 3855 2874 renuntiatus
3922 2797 4058 2872 sim
4126 2799 4202 2874 in
4275 2797 4405 2874 hac

1359 2921 1742 2997 Academia
1806 2921 2217 2996 ordinarius.
2350 2921 2489 2996 Pro
2560 2947 2703 3021 quo
2772 2921 3027 2996 eximio
3082 2922 3158 2996 in
3206 2945 3323 2995 me
3368 2919 3617 2994 collato
3659 2917 3997 2992 beneficio
4046 2915 4365 3015 bonaque
4380 2975 4403 3005 ,

1362 3066 1578 3139 quam
1641 3042 1735 3116 dc
1803 3065 1918 3116 me
1988 3039 2302 3138 meisque
2377 3040 2631 3115 studiis
2688 3039 3097 3140 concepistis
3112 3097 3131 3130 ‚
3192 3037 3516 3140 opinione
3574 3036 3845 3113 debitas
3894 3035 4115 3112 Vobis
4176 3044 4403 3136 grates

1362 3160 1748 3259 persolvere
1816 3159 2023 3234 hodie
2087 3159 2164 3233 in
2233 3158 2466 3233 animo
2532 3165 2659 3233 est.
2756 3159 2899 3233 Eas
2960 3158 3323 3259 accipitote
3338 3216 3357 3246 ,
3417 3155 3571 3230 Viri
3632 3155 4080 3256 amplissimi!
4146 3179 4399 3259 meque

1366 3281 1700 3354 Vestrum
1762 3277 2088 3354 habetote
2138 3277 2865 3354 observantissimuml
2944 3279 3097 3353 Nec
3142 3276 3403 3376 putetis
3419 3333 3439 3364 ,
3494 3299 3789 3376 quaeso,
3846 3300 3963 3351 me
4008 3275 4083 3350 in
4124 3273 4401 3375 publica

1365 3401 1496 3475 hac
1541 3399 1757 3474 animi
1802 3399 1985 3498 grati
2029 3398 2513 3472 testificatione
2560 3398 2937 3473 subsistere
2980 3397 3153 3472 velle
3170 3456 3191 3486 ,
3239 3423 3322 3474 ac
3366 3396 3430 3470 si
3476 3396 3701 3470 verbis
3746 3394 4177 3494 sategissem.
4246 3394 4398 3466 Imo

1365 3543 1526 3594 vero
1585 3519 1762 3594 nihil
1825 3517 2000 3592 mihi
2063 3516 2290 3616 magis
2351 3541 2557 3593 curae
2600 3518 2931 3617 cordique
2977 3525 3085 3592 cst
3102 3575 3123 3607 ,
3195 3541 3409 3616 quam
3458 3539 3535 3592 re
3588 3523 3662 3590 et
3714 3514 3917 3591 factis
3968 3513 4401 3613 diligentiam

1365 3661 1597 3713 meam
1663 3645 1876 3736 atque
1940 3636 2357 3712 industriam
2415 3637 2493 3710 in
2550 3637 2879 3712 omnibus
2936 3637 3369 3736 singulisque
3422 3636 3848 3736 gravissimi,
3906 3634 4100 3735 quod
4154 3633 4232 3707 in
4286 3656 4399 3706 me

1367 3756 1753 3847 incumbit,
1817 3755 2024 3832 officii
2073 3755 2390 3856 partibus
2451 3755 2583 3831 rite
2634 3757 3047 3856 peragendis
3092 3754 3311 3832 Vobis
3362 3755 3465 3830 ita
3506 3754 3797 3853 probare
3812 3811 3835 3844 ,
3886 3761 3969 3828 ut
4010 3751 4219 3828 vestri
4256 3749 4398 3824 Vos

1365 3876 1510 3951 voti
1549 3901 1940 3976 nunquam
2005 3874 2374 3975 poeniteat.
2476 3875 2707 3974 Igitur
2779 3875 2841 3950 si
2888 3875 3063 3974 quid
3110 3875 3373 3949 valeam
3392 3929 3435 3963 ,·
3474 3874 3666 3974 quod
3714 3871 3938 3949 sentio
3960 3930 3981 3961 ‚
4046 3894 4262 3972 quam
4309 3870 4400 3946 sit

1369 3995 1705 4093 exiguum
1728 4053 1748 4083 ,
1818 3995 1894 4068 id
1954 4001 2184 4068 totum
2247 4002 2321 4069 et
2363 3994 2783 4070 Academiae
2801 4051 2823 4084 ,
2888 3994 3005 4070 cui
3045 3993 3377 4093 praeestis
3398 4051 3419 4083 ,
3468 3991 3879 4069 consecrabo
3928 4000 4007 4068 et
4050 3990 4397 4067 studiosae

1365 4114 1757 4202 iuventuti,
1828 4112 2028 4188 cuius
2083 4114 2449 4188 commoda
2511 4139 2749 4190 curare
2804 4113 3117 4214 pergitis.
3214 4113 3359 4188 Vos
3404 4121 3641 4188 autem
3658 4171 3679 4202 ‚
3748 4137 3889 4212 qua
3932 4110 4102 4186 estis
4151 4110 4393 4184 huma-

1367 4233 1589 4309 nitate
1610 4291 1631 4322 ,
1695 4231 1944 4308 Vestro
2001 4255 2116 4306 me
2181 4231 2555 4308 honorifico
2602 4233 2832 4308 favore
2879 4233 3395 4334 prosequamini
3439 4233 3825 4331 Vestraque
3872 4229 4279 4306 auctoritate
4322 4235 4393 4302 et

1367 4353 1670 4432 consiliis
1735 4351 2294 4454 prudentissimis
2355 4351 2763 4450 depressum
2814 4351 3097 4450 erigatis
3114 4411 3135 4442 ,
3202 4353 3634 4429 vacillantem
3692 4350 4113 4428 confirmetis
4128 4408 4149 4439 ‚
4214 4348 4395 4423 bona

1211 4465 1218 4472 ’
1369 4479 1811 4574 appetentem
1849 4473 1942 4548 ad
1973 4471 2258 4572 quaevis
2299 4471 2583 4548 meliora
2622 4477 2695 4546 et
2737 4471 2999 4571 optima
3024 4481 3359 4573 perpetuo
3388 4472 3735 4548 excitetis!
3806 4471 4025 4551 Quod
4051 4469 4393 4567 reliquum

1365 4603 1474 4668 est
1495 4651 1516 4683 ,
1583 4617 1710 4693 pro
1765 4592 1988 4668 salute
2053 4592 2302 4668 Vestra
2351 4599 2512 4667 vota
2574 4615 2905 4692 nuncupo
2952 4591 3233 4669 sincera.
3334 4593 3575 4667 Servet
3615 4590 3763 4667 Vos
3812 4589 4393 4690 benignissimum

1369 4711 1507 4786 Dei
1550 4737 1810 4788 numen
1857 4713 1958 4789 ita
1997 4713 2124 4788 diu
2163 4711 2546 4794 incolumes
2564 4769 2586 4802 ,
2634 4718 2719 4788 ut
2756 4719 2832 4787 et
2876 4712 3141 4812 patriae
3164 4770 3187 4801 ,
3237 4736 3416 4811 quac
3454 4735 3695 4787 omnes
3732 4711 4047 4788 omnium
4074 4708 4391 4784 caritates

1386 4831 1905 4931 complectitur,
1967 4840 2038 4908 et
2091 4832 2386 4932 inclytae
2451 4831 2716 4909 civitati
2761 4832 3105 4911 Leiden
3124 4829 3201 4908 si
3252 4839 3362 4924 et,
3430 4853 3642 4930 quam
3694 4829 3829 4908 sibi
3877 4827 4151 4906 virtutis
4202 4849 4395 4928 prce-
