4934 6184
1737 673 2290 742 ORATIO.
3413 675 3539 740 179

545 871 550 876 ’
610 884 752 958 Res
787 880 1202 993 Academiae
1240 880 1432 958 utilis
1477 879 1644 958 haec
1696 905 1974 981 quoque
2011 880 2308 981 contigit
2349 889 2428 956 ut
2476 905 2563 958 ex
2612 880 2871 956 aerario
2916 881 3195 980 publico
3241 879 3538 980 pecunia

513 1005 574 1080 ei
639 1002 1084 1102 praeberetur
1101 1060 1122 1091 ‚
1192 1002 1536 1080 destinata
1597 1000 2002 1076 adiuvandis
2061 1000 2312 1076 studiis
2355 1000 2689 1076 iuvenum
2708 1057 2729 1089 ,
2780 999 2905 1099 qui
2946 999 3169 1076 alieno
3222 999 3534 1076 subsidio

509 1145 734 1200 carere
808 1147 948 1200 non
1015 1129 1330 1222 possunt.
1449 1123 1650 1200 Quae
1717 1146 1826 1198 res
1883 1146 1964 1196 eo
2005 1121 2262 1220 gratior
2310 1121 2605 1210 accidit,
2654 1121 2819 1220 quia
2855 1120 3173 1197 examine
3216 1119 3537 1198 instituto

510 1267 746 1322 eorum
768 1301 790 1331 ,
863 1242 988 1342 qui
1054 1241 1390 1319 auxilium
1464 1240 1804 1316 eiusmodi
1883 1240 2017 1317 sibi
2084 1239 2517 1340 petiverunt,
2582 1241 2933 1330 constitit,
2998 1240 3423 1318 academiam
3496 1267 3535 1316 e

509 1363 802 1462 pecunia
842 1388 886 1438 a
922 1360 1420 1462 professoribus
1470 1360 1760 1460 aliisque
1815 1362 2060 1438 collata
2121 1361 2509 1438 satisfacere
2548 1386 2688 1438 non
2732 1387 2939 1461 posse
2972 1361 3161 1436 iusto
3198 1361 3537 1437 desiderio

511 1507 750 1559 eorum
771 1541 792 1572 ,
851 1482 980 1580 qui
1033 1481 1280 1581 dignos
1321 1505 1396 1560 se
1441 1482 1967 1580 praestiterant,
2023 1491 2320 1584 quorum
2373 1481 2625 1558 studiis
2664 1481 2789 1557 tali
2832 1479 3095 1556 ratione
3142 1480 3538 1558 subvenire-

511 1613 648 1678 tur.
749 1602 1044 1677 Senatus
1103 1600 1232 1676 hac
1293 1624 1368 1674 re
1427 1600 1786 1676 observata
1803 1658 1823 1688 ,
1891 1601 2080 1675 misit
2142 1601 2503 1700 epistolam
2567 1601 2660 1677 ad
2722 1599 3128 1676 Ministrum
3184 1601 3489 1700 Regium
3516 1660 3534 1688 ‚

514 1721 636 1820 qui
699 1721 910 1796 rebus
965 1719 1254 1796 internis
1319 1719 1551 1818 Regni
1607 1719 1952 1820 prospicit.
2055 1722 2258 1800 Quae
2319 1745 2458 1796 non
2517 1720 2771 1798 frustra
2789 1778 2809 1809 ‚
2868 1721 3059 1820 quod
3113 1722 3539 1820 gaudemus,
3668 1708 3675 1743 '¹

511 1841 721 1916 missa
765 1840 921 1926 suit.

611 1960 696 2034 In
769 1983 888 2034 vos
959 1959 1308 2034 intuentes
1327 2015 1347 2046 ‚
1415 1957 1565 2032 Viri
1624 1958 2059 2057 Amplissimi
2080 1943 2098 2034 1'
2181 1959 2599 2034 Academiae
2668 1957 3076 2034 Curatores!
3151 1960 3541 2059 gaudemus

513 2104 632 2156 vos
695 2101 938 2152 omnes
999 2077 1220 2152 salvos
1291 2099 1442 2150 esse
1509 2083 1582 2150 et
1644 2099 1928 2174 pergere
1995 2077 2302 2175 potuisse
2351 2079 2423 2151 in
2480 2078 2803 2153 curandis
2846 2078 3055 2154 rebus
3100 2081 3539 2156 Academiae.

511 2199 788 2272 Praeter
831 2197 966 2276 alia
1002 2195 1274 2294 gravia,
1324 2194 1456 2270 hoc
1496 2218 1680 2270 anno
1728 2194 1858 2270 hoc
1905 2195 2127 2270 officio
2179 2195 2371 2271 vobis
2417 2195 2857 2295 fungendum
2910 2197 3083 2287 fuit,
3134 2206 3218 2273 ut
3267 2199 3545 2275 duabus

513 2316 854 2393 cathedris
906 2315 1312 2390 vacantibus
1359 2315 1730 2390 avocaretis
1777 2315 2082 2391 eruditos
2100 2374 2121 2403 ,
2183 2316 2306 2415 qui
2347 2316 2749 2415 professoris
2792 2341 3051 2392 munus
3090 2317 3165 2393 in
3205 2343 3279 2394 se
3326 2321 3541 2395 susci-

513 2442 771 2536 perent.
823 2479 926 2496 -
971 2436 1200 2510 Nemo
1246 2435 1386 2509 iam
1433 2434 1716 2534 negabit
1756 2459 1874 2510 vos
1914 2435 2047 2510 isto
2085 2435 2312 2510 officio
2355 2436 2453 2510 ita
2488 2459 2639 2534 esse
2675 2434 2949 2510 functos
2968 2495 2989 2524 ,
3040 2444 3121 2512 ut
3164 2437 3545 2514 Academia

515 2554 896 2629 uberrimos
963 2552 1232 2628 fructus
1291 2553 1556 2651 capiat,
1630 2560 1702 2626 et
1762 2553 1886 2628 diu
1904 2611 1924 2641 ‚
1990 2561 2074 2628 ut
2130 2579 2524 2653 speramus,
2593 2539 2881 2654 captura
2930 2555 3021 2631 sit
3074 2581 3113 2630 e
3157 2567 3381 2631 vestro
3426 2559 3561 2638 de-‚v

513 2675 721 2748 lectu.
792 2715 891 2729 —
937 2676 1176 2751 Quam
1225 2696 1426 2770 porro
1467 2672 1916 2752 Academiam
1959 2697 2162 2748 curae
2205 2673 2517 2749 habeatis
2532 2732 2552 2762 ‚
2602 2681 3025 2775 quantopere
3071 2681 3226 2749 tum
3275 2676 3543 2752 Acade-

517 2793 726 2868 miam
750 2850 771 2881 ‚
837 2800 991 2867 tum
1061 2790 1481 2891 professores
1527 2791 1830 2888 diligatis
1843 2849 1864 2878 ,
1931 2797 2225 2868 testatur
2271 2790 2535 2868 vocatio
2577 2789 2977 2890 professoris
3026 2793 3553 2868 extraordinarii
3618 2843 3627 2854 ·

517 2914 592 2986 in
633 2912 1034 2987 facultatem
1075 2911 1442 3017 iuridicam
1460 2969 1482 2999 ,
1544 2935 1756 3008 quam
1804 2934 1924 2986 vos
1964 2909 2487 3010 Angustissimo
2530 2909 2713 3008 Regi
2756 2911 3069 2988 suasistis
3088 2969 3109 3000 ,
3168 2919 3241 2986 et
3288 2911 3377 2988 ab
3422 2936 3505 2987 eo
3528 2972 3547 3001 ,

521 3041 602 3108 ut
641 3032 794 3108 fieri
841 3032 1114 3120 liceret,
1165 3029 1524 3130 petivistis.
1625 3033 1788 3108 Quo
1837 3031 2306 3106 consentiente
2345 3028 2474 3104 Vir
2518 3028 2959 3106 Clarissimus
3002 3053 3151 3106 van
3190 3031 3547 3108 Bormvxr.

518 3155 776 3229 Fauna
821 3151 952 3226 hoc
991 3157 1098 3226 est
1132 3157 1420 3226 ornatus
1435 3208 1456 3239 ,
1507 3173 1718 3248 quem
1757 3149 2090 3248 collegam
2135 3151 2274 3226 iam
2317 3149 2617 3226 salutare
2668 3148 2849 3224 licet.

613 3270 928 3346 Maxime
971 3278 1096 3345 tua
1137 3293 1384 3358 causa,
1433 3269 2010 3346 aestumatissime
2071 3269 2479 3346 Nrmmursl
2550 3266 2933 3365 discipulus
2997 3267 3164 3344 olim
3214 3278 3381 3346 tuus
3433 3295 3547 3346 vo-

517 3396 712 3466 catus
783 3389 920 3464 huc
987 3397 1114 3466 est.
1211 3387 1470 3463 Adhuc
1528 3387 1812 3463 iuvenili
1871 3389 2124 3464 mentis
2195 3389 2424 3489 vigore
2488 3394 2559 3462 et
2625 3410 2856 3462 amore
2914 3388 3201 3474 iuvenili
3268 3413 3549 3489 operam

519 3534 768 3586 navare
824 3508 1056 3609 pergis
1131 3508 1382 3584 studiis
1402 3564 1424 3597 ,
1491 3508 1567 3584 in
1623 3509 1882 3606 quibus
1936 3508 2114 3586 vitae
2167 3505 2690 3583 tabernaculum
2738 3505 3011 3584 dudum
3066 3507 3400 3606 posuisti,
3452 3551 3551 3568 --

521 3628 756 3704 minus
827 3635 1106 3725 gratum
1176 3624 1351 3722 quid
1393 3625 1618 3700 inesse
1669 3632 1900 3723 potest
1947 3625 2021 3702 in
2069 3645 2280 3700 sensu
2301 3683 2322 3714 ,
2381 3649 2633 3724 corpus
2680 3625 2887 3702 citius
2938 3626 3292 3702 interdum
3337 3652 3551 3725 quam

519 3743 832 3823 animum
897 3743 1290 3820 labefactari
1308 3800 1330 3832 ‚
1401 3742 1526 3820 sed
1594 3743 1832 3841 paucis
1895 3744 2294 3820 conceditur
2358 3743 2667 3840 integras
2740 3743 3103 3841 utriusque
3196 3745 3373 3820 vires
3458 3747 3550 3820 ad

521 3872 901 3938 extremam
959 3886 1184 3961 usque
1236 3868 1661 3938 senectutem
1715 3885 2001 3938 servare.
2099 3863 2299 3937 Ultra
2355 3861 2641 3960 triginta
2697 3884 2917 3936 annos
2960 3885 3249 3951 munere
3298 3870 3421 3938 tuo
3472 3863 3548 3938 in

521 3982 652 4058 hac
703 3981 1080 4058 Academia
1126 3980 1408 4058 functus
1461 3981 1719 4081 insigni
1776 3981 1880 4056 illi
1935 3989 2338 4058 ornamento
2397 4003 2551 4055 eras
2570 4037 2591 4068 ,
2660 4019 2761 4044 --
2821 3980 3059 4080 paucis
3120 3982 3323 4059 annis
3364 3990 3541 4059 tem·

525 4125 658 4199 pus
701 4125 744 4176 a
787 4100 938 4200 lege
985 4101 1204 4199 quieti
1247 4100 1669 4177 destinatum
1707 4100 1839 4176 tibi
1885 4100 2126 4176 aderit.
2229 4101 2438 4174 Serva
2486 4123 2629 4176 non
2682 4099 2911 4178 solum
2954 4101 3049 4178 ad
3092 4101 3271 4177 illud
3314 4127 3539 4203 usque

523 4231 803 4319 tempus
823 4277 843 4308 ‚
909 4220 1034 4295 sed
1105 4219 1346 4296 multis
1415 4221 1626 4297 etiam
1689 4220 1888 4296 annis
1941 4221 2257 4320 insuper,
2331 4243 2470 4320 qua
2536 4219 2823 4309 frueris,
2889 4222 3291 4312 sanitatem,
3359 4245 3539 4320 quae

523 4338 725 4427 facit,
776 4339 1131 4440 ut0adhuc
1171 4338 1406 4413 debito
1451 4337 1657 4414 modo
1707 4364 1992 4416 munere
2039 4348 2164 4414 tuo
2209 4339 2410 4439 fungi
2457 4338 2587 4440 tibi
2632 4339 2873 4417 liceat!

619 4577 847 4650 Nemo
908 4574 1368 4675 professorum
1436 4599 1873 4675 quacumque
1937 4577 2028 4652 de
2086 4601 2294 4652 causa
2357 4576 2487 4652 hoc
2556 4599 2739 4652 anno
2796 4576 3213 4653 Academiae
3259 4585 3539 4678 ereptus

523 4700 667 4784 est;
721 4702 1032 4795 -utraque
1091 4693 1414 4771 cathedra
1430 4751 1451 4783 ,
1514 4693 2028 4770 discedentibus
2097 4693 2444 4793 superiore
2496 4717 2679 4768 anno
2731 4693 3009 4770 duobus
3055 4695 3335 4796 collegis
3355 4755 3376 4786 ,
3430 4721 3543 4773 va·

523 4839 654 4892 cua
723 4815 938 4904 facta,
1023 4815 1164 4892 iam
1233 4839 1473 4891 rursus
1551 4822 1882 4914 occupata
1951 4821 2078 4890 est.
2223 4815 2392 4888 Fere
2481 4837 2720 4892 omnes
2792 4816 2903 4890 usi
2972 4824 3137 4892 sunt
3206 4817 3497 4894 sanitate
3521 4877 3542 4906 ,

2899 4939 2992 5012 23
3011 4936 3055 4983 ⁴*
