4934 6184
1428 665 1511 732 96
2601 666 2653 732 1.
2722 685 2895 732 van
2958 664 3411 774 HALL·

1429 873 1698 974 scriptis
1759 874 1993 974 legum
2057 873 2413 950 codicibus
2479 900 2681 976 posse
2748 899 2823 950 se
2886 874 3025 949 iam
3094 872 3422 974 deinceps
3484 897 3527 947 a
3584 873 3884 948 ferendis
3938 875 4211 975 legibus
4256 901 4450 952 exco-

1423 996 1766 1094 lendoque
1831 997 1980 1069 iure
2047 1019 2282 1071 vacare
2303 1053 2323 1084 ,
2386 1019 2667 1094 gravem
2736 993 2849 1068 hic
2912 1002 2985 1068 et
3044 1001 3321 1093 turpem
3382 1017 3679 1068 errorem
3740 995 4133 1071 committit.
4252 999 4452 1076 Quae

1425 1114 1959 1192 conscribuntur
2003 1115 2191 1214 leges
2244 1117 2454 1214 paulo
2492 1114 2832 1214 pleniores
2882 1138 3035 1188 eam
3090 1113 3436 1212 explicant
3488 1120 3613 1188 aut
3650 1115 4027 1190 emendant
4076 1115 4247 1190 iuris
4294 1141 4449 1192 con-

1427 1236 1756 1311 ditionem
1784 1294 1804 1324 ,
1849 1259 2024 1334 quae
2069 1235 2221 1334 ipso
2269 1235 2677 1334 scriptarum
2726 1227 2967 1334 legum
3012 1241 3323 1332 tempore
3366 1232 3717 1323 obtineat,
3768 1259 4088 1334 quaeque
4126 1237 4451 1311 adversus

1425 1353 1787 1430 hominum
1829 1355 1939 1428 vel
1977 1355 2296 1430 iniuriam
2347 1355 2454 1429 vel
2492 1354 2872 1430 socordiam
2916 1353 3327 1428 vindicanda
3362 1353 3505 1428 sint
3542 1353 3892 1444 indicant,
3918 1356 3991 1430 in
4019 1355 4259 1454 primis
4296 1382 4451 1434 vero

1427 1499 1508 1548 ea
1555 1474 1912 1548 continent
1962 1474 2133 1548 iuris
2183 1474 2601 1550 controversi
2644 1475 2907 1574 capita,
2960 1498 3140 1574 quae
3184 1473 3316 1548 hoc
3362 1474 3516 1573 ipso
3562 1481 3873 1574 tempore
3918 1475 4099 1551 inter
4141 1475 4449 1552 homines

1420 1593 1792 1694 agitentur.
1891 1596 2004 1670 Ita
2063 1595 2254 1694 leges
2314 1595 2883 1670 Germanicarum
2938 1594 3256 1694 gentium
3312 1601 3385 1668 et
3444 1595 3803 1670 Romanae
3823 1652 3843 1683 ,
3896 1620 4075 1694 quae
4120 1595 4229 1670 vel
4272 1597 4444 1672 Con-

1421 1713 1865 1813 stantinopoli
1909 1713 2016 1790 vel
2039 1715 2323 1790 Tolosae
2353 1716 2460 1790 vel
2490 1714 2656 1791 alibi
2700 1715 3124 1814 conscriptae
3172 1722 3379 1804 sunt,
3424 1723 3932 1814 extemporum
3980 1716 4445 1819 opportunita-

1419 1834 1612 1908 tibus
1653 1835 2106 1923 exstiterunt,
2159 1835 2604 1934 explicandae
2643 1835 2801 1910 illae
2848 1835 2954 1910 vel
3003 1858 3089 1909 ex
3119 1832 3435 1934 gentium
3480 1820 4009 1934 migrationibus
4027 1893 4047 1924 ,
4090 1835 4311 1911 velex
4348 1837 4445 1911 in-

1420 1954 1632 2028 ducta
1691 1953 2020 2054 religione
2085 1956 2499 2031 Christiana.
2591 1956 2842 2030 Postea
2906 1954 3287 2030 scribendis
3332 1955 3607 2055 legibus
3652 1957 3882 2032 locum
3932 1956 4279 2031 dederunt
4339 1983 4446 2032 ex-

1418 2072 1806 2171 peditiones
1869 2081 2170 2150 sacratae
2189 2133 2209 2164 ,
2279 2075 2552 2150 saeculo
2602 2073 3097 2150 sexto-decimo
3146 2099 3489 2150 sacrorum
3546 2075 3938 2150 reformatio
3959 2133 3979 2164 ,
4044 2075 4177 2150 sub
4242 2078 4446 2153 finem

1416 2217 1578 2268 vero
1639 2193 2008 2292 superioris
2075 2195 2330 2270 saeculi
2391 2195 2543 2293 ipsa
2600 2219 2831 2270 rerum
2896 2194 3331 2294 politicarum
3396 2195 3777 2270 conversio:
3852 2194 4149 2295 singulis
4220 2205 4439 2271 autem

1417 2312 1604 2387 hisce
1671 2313 2100 2412 temporibus
2161 2339 2242 2389 ea
2302 2314 2704 2414 diligentius
2762 2315 3147 2414 conscripta
3206 2314 3492 2388 fuerunt
3556 2315 3726 2390 iuris
3780 2315 4009 2414 capita
4056 2340 4237 2415 quae
4294 2341 4443 2390 cum

1417 2433 1614 2507 novis
1666 2433 1876 2508 rebus
1922 2435 2310 2533 studiisque
2361 2434 2662 2508 maxime
2706 2434 3164 2510 cohaererent.
3266 2436 3469 2513 Quae
3508 2459 3718 2510 causa
3760 2444 3898 2523 est,
3948 2461 4112 2526 cur,
4162 2444 4245 2512 ut
4286 2437 4441 2512 vidi-

1421 2577 1616 2640 muS,
1665 2552 1738 2626 in
1793 2552 2172 2627 condendis
2235 2550 2884 2651 conscribendisque
2942 2553 3197 2628 civium
3262 2579 3343 2629 ac
3390 2577 3839 2652 personarum
3898 2554 4205 2645 iuribus,
4252 2557 4445 2632 multi

1419 2673 1698 2772 verique
1741 2672 2042 2748 nominis
2077 2671 2499 2772 legislatores
2539 2672 2799 2748 fuerint
2816 2731 2836 2763 ,
2882 2673 3051 2748 iuris
3094 2672 3575 2773 Napoleontici
3612 2673 3998 2750 conditores
4017 2734 4037 2764 ,
4078 2676 4152 2750 in
4192 2675 4447 2776 reliqua

1417 2817 1578 2868 vero
1644 2793 1815 2868 iuris
1883 2791 2194 2868 doctrina
2255 2816 2504 2890 parum
2568 2793 2934 2892 diligentes
2992 2819 3195 2893 saepe
3262 2794 3763 2894 compilatores.
3865 2795 4081 2874 Quod
4130 2796 4255 2895 qui
4309 2797 4445 2874 ani-

1418 2913 1862 2989 madverterit
1897 2913 1961 2987 ei
1991 2913 2189 2988 facile
2225 2911 2757 3013 persuadebitur
2774 2971 2794 3002 ,
2835 2915 3253 2990 mutationes
3271 2973 3293 3004 ,
3340 2921 3501 2990 ante
3548 2913 3675 2988 hos
3721 2913 4198 3016 duodeviginti
4242 2915 4446 2991 ferme

1421 3058 1637 3108 annos
1680 3033 1752 3108 in
1793 3033 1966 3108 iuris
2011 3033 2230 3108 nostri
2271 3031 2664 3107 conditione
2710 3033 2929 3108 factas
2946 3092 2966 3123 ,
3004 3033 3179 3108 tales
3220 3058 3377 3110 esse
3414 3059 3599 3132 quae
3640 3034 3748 3110 vel
3786 3035 4225 3135 exstinguere
4266 3037 4465 3137 apud*

1421 3179 1548 3229 nos
1600 3153 2213 3252 iurisprudentiam
2275 3150 2546 3252 possint
2598 3149 2866 3224 civilem
2887 3208 2907 3238 ,
2978 3150 3086 3226 vel
3140 3151 3720 3250 iurisprudentiae
3770 3154 4046 3254 egregie
4092 3154 4409 3254 prodesse
4426 3215 4445 3244 ‚

1423 3273 1656 3372 prouti
1696 3272 1930 3346 minus
1973 3272 2279 3372 magisve
2327 3271 2437 3347 sui
2479 3271 2685 3346 officii
2734 3277 3053 3346 naturam
3096 3271 3573 3374 rationemque
3611 3275 3981 3376 perspiciat
4027 3275 4390 3376 legislator.

1534 3512 1664 3586 Est
1711 3533 1876 3586 sane
1921 3509 2187 3610 aliquid
2202 3569 2222 3599 ,
2267 3510 2492 3610 patrio
2544 3533 2856 3586 sermone
2902 3511 3320 3610 conscriptos
3373 3513 3575 3590 nobis
3641 3515 3712 3590 in
3782 3540 3999 3592 manu
4058 3541 4209 3592 esse
4270 3517 4446 3592 codi-

1427 3657 1540 3707 ces
1559 3690 1581 3721 ,
1628 3631 1770 3708 iam
1815 3655 1957 3707 non
2007 3630 2208 3706 unice
2255 3655 2294 3705 e
2354 3631 3009 3706 Franco-Gallorum
3068 3631 3378 3708 moribus
3424 3642 3495 3708 et
3544 3661 3583 3711 e
3623 3636 3937 3712 Francici
3976 3641 4305 3712 sermonis
4348 3637 4447 3712 in-

1426 3753 1634 3855 genio
1702 3752 2162 3853 explicandos.
2283 3752 2422 3826 Sed
2491 3752 2727 3852 plures
2784 3751 3181 3827 etiamnunc
3235 3779 3447 3852 quam
3492 3763 3765 3855 oportet
3812 3765 4183 3856 supersunt
4236 3757 4449 3857 leges,

1428 3872 2061 3961 senatusconsulta,
2125 3872 2432 3960 decreta,
2498 3897 2680 3972 quae
2738 3880 2821 3947 ut
2882 3873 3207 3948 Francice
3266 3875 3650 3974 conscripta
3668 3933 3688 3964 ,
3751 3876 4172 3951 Francorum
4236 3876 4453 3975 magis

1430 4017 1642 4091 quam
1704 3993 2116 4068 nostratium
2169 3991 2481 4067 moribus
2526 3999 2619 4066 et‘
2642 3992 2803 4066 usui
2850 3992 3303 4092 respondent;
3357 4001 3511 4068 tum
3559 4019 3719 4070 vero
3758 3994 3835 4070 in
3890 3995 4061 4095 ipsis
4080 4039 4085 4046 ·
4106 3982 4483 4070 codicibus*

1427 4136 1568 4186 non
1615 4113 1908 4201 desunt,
1956 4135 2136 4211 quae
2175 4112 2248 4187 in
2287 4111 2585 4186 Galliam
2628 4112 2815 4188 unde
2856 4111 2948 4188 ad
2988 4138 3117 4187 nos
3162 4123 3499 4190 venerunt
3536 4123 3707 4190 sunt
3738 4095 4129 4216 releganda.
4193 4116 4451 4190 Eadem

1425 4231 1646 4331 igitur
1685 4230 1815 4306 hac
1860 4230 1933 4304 in
1979 4255 2052 4306 re
2097 4231 2207 4306 via
2251 4237 2356 4306 est
2408 4231 2919 4333 procedendum
2938 4291 2959 4320 ,
3010 4258 3223 4332 quam
3266 4234 3618 4334 ingressus
3664 4243 3811 4310 erat
3854 4235 4201 4335 legislator
4219 4294 4241 4325 ,
4296 4259 4455 4311 cum
4510 4307 4515 4310 .

1425 4359 1585 4450 post
1625 4350 1980 4450 Belgicam
2025 4350 2477 4425 secessionem
2524 4349 2615 4424 ad
2654 4349 2882 4450 gentis
2922 4357 3195 4426 nostrae
3242 4352 3611 4427 utilitatem
3655 4353 3857 4428 unice
3896 4353 4276 4452 exigendos
4308 4377 4454 4428 esse

1427 4472 1695 4547 codices
1729 4477 2108 4546 censuerat.
2167 4471 2418 4569 Neque
2450 4470 2861 4559 verendum,
2910 4495 2999 4546 ne
3036 4471 3133 4548 ita
3150 4529 3171 4561 ,
3220 4472 3371 4547 aliis
3404 4497 3612 4573 super
3652 4472 3821 4548 alias
3854 4473 4265 4550 coacervatis
4288 4472 4450 4572 legi·

1427 4591 1562 4668 bus
1582 4650 1602 4681 ,
1657 4591 1912 4666 iurium
1951 4590 2262 4666 confusio
2307 4590 2678 4696 aliquando
2719 4590 2979 4666 oriatur
2996 4649 3017 4681 ,
3060 4591 3119 4666 si
3142 4592 3517 4694 prudenter
3542 4599 3615 4668 et
3640 4592 3731 4668 ad
3752 4599 4011 4668 certam
4040 4617 4356 4669 normam
4380 4593 4452 4667 in

1427 4713 1558 4786 hoc
1596 4711 1815 4787 officio
1859 4711 2199 4812 explendo
2240 4710 2564 4812 procedat
2588 4710 2954 4810 legislator.
3024 4713 3133 4786 Ex
3158 4737 3294 4788 usu
3321 4713 3501 4790 vitae
3530 4713 3849 4789 oriuntur
3874 4713 4454 4802 necessitudines,

1434 4849 1519 4902 ex
1573 4829 2083 4906 necessitudine
2111 4831 2250 4944 ‘ius
2273 4887 2294 4921 ‚
2341 4855 2429 4906 ex
2469 4829 2640 4904 iuris
2687 4830 2965 4906 notione
3008 4831 3455 4936 depromatur
3492 4833 3603 4910 lex
3652 4858 3932 4914 necesse
3980 4841 4107 4911 est.
4207 4836 4456 4934 Itaque
