<?xml version="1.0" encoding="UTF-8"?>
<!DOCTYPE html PUBLIC "-//W3C//DTD XHTML 1.0 Transitional//EN"
    "http://www.w3.org/TR/xhtml1/DTD/xhtml1-transitional.dtd">
<html xmlns="http://www.w3.org/1999/xhtml" xml:lang="en" lang="en">
 <head>
  <title>
</title>
<meta http-equiv="Content-Type" content="text/html;charset=utf-8" />
  <meta name='ocr-system' content='tesseract 3.04.00' />
  <meta name='ocr-capabilities' content='ocr_page ocr_carea ocr_par ocr_line ocrx_word'/>
</head>
<body>
  <div class='ocr_page' id='page_1' title='image "annalesacademic37unkngoog_0104.png"; bbox 0 0 4934 6184; ppageno 0'>
   <div class='ocr_carea' id='block_1_1' title="bbox 1145 653 3152 724">
    <p class='ocr_par' dir='ltr' id='par_1_1' title="bbox 1145 653 3152 724">
     <span class='ocr_line' id='line_1_1' title="bbox 1145 653 3152 724; baseline -0.003 0"><span class='ocrx_word' id='word_1_1' title='bbox 1145 680 1155 694; x_wconf 88' lang='lat'>·</span> <span class='ocrx_word' id='word_1_2' title='bbox 1295 653 1381 724; x_wconf 75' lang='lat'>94</span> <span class='ocrx_word' id='word_1_3' title='bbox 2469 654 2524 723; x_wconf 89' lang='lat'>1.</span> <span class='ocrx_word' id='word_1_4' title='bbox 2592 675 2764 722; x_wconf 63' lang='lat' dir='ltr'>vau</span> <span class='ocrx_word' id='word_1_5' title='bbox 2830 654 3152 722; x_wconf 80' lang='lat' dir='ltr'>HALL</span> 
     </span>
    </p>
   </div>
   <div class='ocr_carea' id='block_1_2' title="bbox 1295 836 4335 962">
    <p class='ocr_par' dir='ltr' id='par_1_2' title="bbox 1295 836 4335 962">
     <span class='ocr_line' id='line_1_2' title="bbox 1295 836 4335 962; baseline -0.001 -24"><span class='ocrx_word' id='word_1_6' title='bbox 1295 863 1436 938; x_wconf 74' lang='lat' dir='ltr'>cleis</span> <span class='ocrx_word' id='word_1_7' title='bbox 1473 862 1811 960; x_wconf 75' lang='lat' dir='ltr'>publicis,</span> <span class='ocrx_word' id='word_1_8' title='bbox 1861 860 1949 938; x_wconf 89' lang='lat' dir='ltr'>de</span> <span class='ocrx_word' id='word_1_9' title='bbox 1989 859 2269 960; x_wconf 78' lang='lat' dir='ltr'><strong>apochis</strong></span> <span class='ocrx_word' id='word_1_10' title='bbox 2325 864 2400 940; x_wconf 78' lang='lat' dir='ltr'>in</span> <span class='ocrx_word' id='word_1_11' title='bbox 2431 865 2767 961; x_wconf 73' lang='lat' dir='ltr'>fiduciam</span> <span class='ocrx_word' id='word_1_12' title='bbox 2812 836 2997 938; x_wconf 71' lang='lat' dir='ltr'>datis</span> <span class='ocrx_word' id='word_1_13' title='bbox 3046 885 3210 938; x_wconf 88' lang='lat' dir='ltr'>cum</span> <span class='ocrx_word' id='word_1_14' title='bbox 3256 865 3459 962; x_wconf 82' lang='lat' dir='ltr'>pacto</span> <span class='ocrx_word' id='word_1_15' title='bbox 3506 858 3992 936; x_wconf 83' lang='lat' dir='ltr'>antichrestico</span> <span class='ocrx_word' id='word_1_16' title='bbox 4008 915 4031 948; x_wconf 89' lang='lat'>,</span> <span class='ocrx_word' id='word_1_17' title='bbox 4088 856 4335 948; x_wconf 78' lang='lat' dir='ltr'>verbe,</span> 
     </span>
    </p>
   </div>
   <div class='ocr_carea' id='block_1_3' title="bbox 1161 978 4335 1083">
    <p class='ocr_par' dir='ltr' id='par_1_3' title="bbox 1161 978 4335 1083">
     <span class='ocr_line' id='line_1_3' title="bbox 1161 978 4335 1083; baseline -0.001 -26"><span class='ocrx_word' id='word_1_18' title='bbox 1161 1038 1168 1047; x_wconf 46' lang='lat'><em>1</em></span> <span class='ocrx_word' id='word_1_19' title='bbox 1293 984 1380 1060; x_wconf 90' lang='lat' dir='ltr'>de</span> <span class='ocrx_word' id='word_1_20' title='bbox 1445 980 2016 1058; x_wconf 83' lang='lat' dir='ltr'>conventionibus</span> <span class='ocrx_word' id='word_1_21' title='bbox 2079 979 2296 1058; x_wconf 86' lang='lat' dir='ltr'>ferme</span> <span class='ocrx_word' id='word_1_22' title='bbox 2359 982 2655 1083; x_wconf 87' lang='lat' dir='ltr'>singulis</span> <span class='ocrx_word' id='word_1_23' title='bbox 2668 1043 2691 1074; x_wconf 86' lang='lat'><em>,</em></span> <span class='ocrx_word' id='word_1_24' title='bbox 2750 1007 2935 1082; x_wconf 90' lang='lat' dir='ltr'>quae</span> <span class='ocrx_word' id='word_1_25' title='bbox 2984 982 3163 1058; x_wconf 82' lang='lat' dir='ltr'>circa</span> <span class='ocrx_word' id='word_1_26' title='bbox 3214 981 3509 1082; x_wconf 71' lang='lat' dir='ltr'>apochas</span> <span class='ocrx_word' id='word_1_27' title='bbox 3550 982 3871 1080; x_wconf 74' lang='lat' dir='ltr'>publicas</span> <span class='ocrx_word' id='word_1_28' title='bbox 3916 978 4335 1054; x_wconf 81' lang='lat' dir='ltr'>contrahun-</span> 
     </span>
    </p>
   </div>
   <div class='ocr_carea' id='block_1_4' title="bbox 1291 1090 4337 2167">
    <p class='ocr_par' dir='ltr' id='par_1_4' title="bbox 1291 1090 4337 2167">
     <span class='ocr_line' id='line_1_4' title="bbox 1291 1090 4337 1203; baseline -0.001 -25"><span class='ocrx_word' id='word_1_29' title='bbox 1291 1114 1445 1193; x_wconf 86' lang='lat' dir='ltr'>tur,</span> <span class='ocrx_word' id='word_1_30' title='bbox 1509 1103 1730 1180; x_wconf 89' lang='lat' dir='ltr'>altum</span> <span class='ocrx_word' id='word_1_31' title='bbox 1795 1110 1902 1180; x_wconf 88' lang='lat' dir='ltr'>est</span> <span class='ocrx_word' id='word_1_32' title='bbox 1965 1102 2038 1176; x_wconf 90' lang='lat' dir='ltr'>in</span> <span class='ocrx_word' id='word_1_33' title='bbox 2096 1090 2378 1203; x_wconf 63' lang='lat' dir='ltr'>&#39;legibus</span> <span class='ocrx_word' id='word_1_34' title='bbox 2441 1103 2695 1180; x_wconf 82' lang='lat' dir='ltr'>nostris</span> <span class='ocrx_word' id='word_1_35' title='bbox 2754 1102 3131 1180; x_wconf 88' lang='lat' dir='ltr'>silentium.</span> <span class='ocrx_word' id='word_1_36' title='bbox 3228 1102 3394 1201; x_wconf 89' lang='lat' dir='ltr'>Ipsa</span> <span class='ocrx_word' id='word_1_37' title='bbox 3436 1109 3675 1177; x_wconf 84' lang='lat' dir='ltr'>autem</span> <span class='ocrx_word' id='word_1_38' title='bbox 3722 1099 4059 1176; x_wconf 89' lang='lat' dir='ltr'>mercium</span> <span class='ocrx_word' id='word_1_39' title='bbox 4104 1099 4337 1198; x_wconf 82' lang='lat' dir='ltr'>quoti·</span> 
     </span>
     <span class='ocr_line' id='line_1_5' title="bbox 1293 1221 4335 1322; baseline -0.001 -22"><span class='ocrx_word' id='word_1_40' title='bbox 1293 1223 1500 1300; x_wconf 86' lang='lat' dir='ltr'>diana</span> <span class='ocrx_word' id='word_1_41' title='bbox 1561 1221 1844 1298; x_wconf 86' lang='lat' dir='ltr'>traditio</span> <span class='ocrx_word' id='word_1_42' title='bbox 1861 1280 1880 1311; x_wconf 88' lang='lat'><em>,</em></span> <span class='ocrx_word' id='word_1_43' title='bbox 1949 1247 2128 1322; x_wconf 86' lang='lat' dir='ltr'>quae</span> <span class='ocrx_word' id='word_1_44' title='bbox 2193 1223 2529 1304; x_wconf 81' lang='lat' dir='ltr'>contineri</span> <span class='ocrx_word' id='word_1_45' title='bbox 2591 1221 2865 1298; x_wconf 81' lang='lat' dir='ltr'>videtur</span> <span class='ocrx_word' id='word_1_46' title='bbox 2918 1225 3287 1300; x_wconf 61' lang='lat' dir='ltr'>traditione</span> <span class='ocrx_word' id='word_1_47' title='bbox 3346 1223 3535 1297; x_wconf 71' lang='lat' dir='ltr'>tituli</span> <span class='ocrx_word' id='word_1_48' title='bbox 3586 1221 3733 1297; x_wconf 87' lang='lat' dir='ltr'>sive</span> <span class='ocrx_word' id='word_1_49' title='bbox 3778 1223 4208 1296; x_wconf 68' lang='lat' dir='ltr'>instrumenti</span> <span class='ocrx_word' id='word_1_50' title='bbox 4222 1278 4243 1308; x_wconf 88' lang='lat'><strong><em>,</em></strong></span> <span class='ocrx_word' id='word_1_51' title='bbox 4288 1245 4335 1296; x_wconf 89' lang='lat' dir='ltr'>a</span> 
     </span>
     <span class='ocr_line' id='line_1_6' title="bbox 1293 1340 4335 1442; baseline -0.001 -24"><span class='ocrx_word' id='word_1_52' title='bbox 1293 1341 1628 1418; x_wconf 89' lang='lat' dir='ltr'>mercium</span> <span class='ocrx_word' id='word_1_53' title='bbox 1681 1341 2111 1442; x_wconf 86' lang='lat' dir='ltr'>depositariis</span> <span class='ocrx_word' id='word_1_54' title='bbox 2161 1342 2304 1420; x_wconf 86' lang='lat' dir='ltr'>sive</span> <span class='ocrx_word' id='word_1_55' title='bbox 2356 1341 2764 1420; x_wconf 74' lang='lat' dir='ltr'>custodibus</span> <span class='ocrx_word' id='word_1_56' title='bbox 2823 1340 3193 1442; x_wconf 77' lang='lat' dir='ltr'>subscripti</span> <span class='ocrx_word' id='word_1_57' title='bbox 3211 1400 3232 1431; x_wconf 87' lang='lat'>‚</span> <span class='ocrx_word' id='word_1_58' title='bbox 3292 1341 3673 1442; x_wconf 78' lang='lat' dir='ltr'>negligitur</span> <span class='ocrx_word' id='word_1_59' title='bbox 3715 1365 4016 1442; x_wconf 84' lang='lat' dir='ltr'>prorsus.</span> <span class='ocrx_word' id='word_1_60' title='bbox 4116 1341 4335 1415; x_wconf 86' lang='lat' dir='ltr'>Deni-</span> 
     </span>
     <span class='ocr_line' id='line_1_7' title="bbox 1295 1461 4337 1566; baseline -0.001 -28"><span class='ocrx_word' id='word_1_61' title='bbox 1295 1487 1468 1562; x_wconf 90' lang='lat' dir='ltr'>que,</span> <span class='ocrx_word' id='word_1_62' title='bbox 1487 1469 1611 1566; x_wconf 35' lang='lat' dir='ltr'>„ut</span> <span class='ocrx_word' id='word_1_63' title='bbox 1665 1461 1741 1538; x_wconf 88' lang='lat' dir='ltr'>in</span> <span class='ocrx_word' id='word_1_64' title='bbox 1803 1461 2188 1562; x_wconf 79' lang='lat' dir='ltr'>praecipuis</span> <span class='ocrx_word' id='word_1_65' title='bbox 2251 1461 2627 1540; x_wconf 81' lang='lat' dir='ltr'>subsistam</span> <span class='ocrx_word' id='word_1_66' title='bbox 2646 1521 2667 1551; x_wconf 89' lang='lat'>,</span> <span class='ocrx_word' id='word_1_67' title='bbox 2730 1461 3085 1540; x_wconf 85' lang='lat' dir='ltr'>codicibus</span> <span class='ocrx_word' id='word_1_68' title='bbox 3132 1462 3387 1538; x_wconf 81' lang='lat' dir='ltr'>nostris</span> <span class='ocrx_word' id='word_1_69' title='bbox 3438 1463 3635 1538; x_wconf 85' lang='lat' dir='ltr'>deest</span> <span class='ocrx_word' id='word_1_70' title='bbox 3678 1462 3830 1562; x_wconf 89' lang='lat' dir='ltr'>ipsa</span> <span class='ocrx_word' id='word_1_71' title='bbox 3880 1461 4191 1538; x_wconf 88' lang='lat' dir='ltr'>doctrina</span> <span class='ocrx_word' id='word_1_72' title='bbox 4242 1461 4337 1535; x_wconf 85' lang='lat' dir='ltr'>de</span> 
     </span>
     <span class='ocr_line' id='line_1_8' title="bbox 1297 1581 4335 1682; baseline -0.001 -24"><span class='ocrx_word' id='word_1_73' title='bbox 1297 1584 1670 1661; x_wconf 74' lang='lat' dir='ltr'>actionibus</span> <span class='ocrx_word' id='word_1_74' title='bbox 1687 1640 1708 1670; x_wconf 89' lang='lat'>,</span> <span class='ocrx_word' id='word_1_75' title='bbox 1777 1607 1988 1681; x_wconf 91' lang='lat' dir='ltr'>quam</span> <span class='ocrx_word' id='word_1_76' title='bbox 2059 1581 2384 1659; x_wconf 73' lang='lat' dir='ltr'>them-iam</span> <span class='ocrx_word' id='word_1_77' title='bbox 2456 1582 2662 1660; x_wconf 92' lang='lat' dir='ltr'>hodie</span> <span class='ocrx_word' id='word_1_78' title='bbox 2727 1589 2973 1658; x_wconf 87' lang='lat' dir='ltr'>vocant</span> <span class='ocrx_word' id='word_1_79' title='bbox 3030 1607 3391 1682; x_wconf 70' lang='lat' dir='ltr'>processus</span> <span class='ocrx_word' id='word_1_80' title='bbox 3448 1585 3671 1658; x_wconf 72' lang='lat' dir='ltr'>civilis</span> <span class='ocrx_word' id='word_1_81' title='bbox 3684 1641 3705 1672; x_wconf 86' lang='lat'><strong>,</strong></span> <span class='ocrx_word' id='word_1_82' title='bbox 3768 1583 3903 1658; x_wconf 83' lang='lat' dir='ltr'>etsi</span> <span class='ocrx_word' id='word_1_83' title='bbox 3966 1587 4131 1658; x_wconf 41' lang='lat' dir='ltr'>eam*</span> <span class='ocrx_word' id='word_1_84' title='bbox 4194 1581 4335 1656; x_wconf 80' lang='lat' dir='ltr'>iam</span> 
     </span>
     <span class='ocr_line' id='line_1_9' title="bbox 1297 1699 4333 1802; baseline -0.001 -24"><span class='ocrx_word' id='word_1_85' title='bbox 1297 1701 1712 1782; x_wconf 85' lang='lat' dir='ltr'>desideravit</span> <span class='ocrx_word' id='word_1_86' title='bbox 1762 1701 1838 1776; x_wconf 87' lang='lat' dir='ltr'>in</span> <span class='ocrx_word' id='word_1_87' title='bbox 1885 1701 2112 1781; x_wconf 87' lang='lat' dir='ltr'>Gallia</span> <span class='ocrx_word' id='word_1_88' title='bbox 2161 1703 2563 1782; x_wconf 80' lang='lat' dir='ltr'>cassationis</span> <span class='ocrx_word' id='word_1_89' title='bbox 2616 1703 2807 1780; x_wconf 89' lang='lat' dir='ltr'>curia</span> <span class='ocrx_word' id='word_1_90' title='bbox 2823 1761 2845 1792; x_wconf 90' lang='lat'><em>,</em></span> <span class='ocrx_word' id='word_1_91' title='bbox 2896 1703 3087 1802; x_wconf 87' lang='lat' dir='ltr'>apud</span> <span class='ocrx_word' id='word_1_92' title='bbox 3136 1727 3270 1778; x_wconf 86' lang='lat' dir='ltr'>nos</span> <span class='ocrx_word' id='word_1_93' title='bbox 3308 1703 3587 1779; x_wconf 78' lang='lat' dir='ltr'>Clarias.</span> <span class='ocrx_word' id='word_1_94' title='bbox 3633 1704 4031 1779; x_wconf 68' lang='lat' dir='ltr'>Nummus.</span> <span class='ocrx_word' id='word_1_95' title='bbox 4140 1699 4333 1776; x_wconf 85' lang='lat' dir='ltr'>Scili-</span> 
     </span>
     <span class='ocr_line' id='line_1_10' title="bbox 1293 1819 4337 1923; baseline -0.002 -24"><span class='ocrx_word' id='word_1_96' title='bbox 1293 1834 1404 1902; x_wconf 88' lang='lat' dir='ltr'>cet</span> <span class='ocrx_word' id='word_1_97' title='bbox 1452 1823 1838 1902; x_wconf 84' lang='lat' dir='ltr'>doctrinam</span> <span class='ocrx_word' id='word_1_98' title='bbox 1881 1847 2033 1900; x_wconf 87' lang='lat' dir='ltr'>eam</span> <span class='ocrx_word' id='word_1_99' title='bbox 2088 1822 2164 1900; x_wconf 88' lang='lat' dir='ltr'>in</span> <span class='ocrx_word' id='word_1_100' title='bbox 2207 1823 2442 1902; x_wconf 90' lang='lat' dir='ltr'>codice</span> <span class='ocrx_word' id='word_1_101' title='bbox 2489 1822 3067 1902; x_wconf 83' lang='lat' dir='ltr'>adumbraverant</span> <span class='ocrx_word' id='word_1_102' title='bbox 3108 1822 3429 1923; x_wconf 85' lang='lat' dir='ltr'>quidem,</span> <span class='ocrx_word' id='word_1_103' title='bbox 3480 1821 3741 1923; x_wconf 88' lang='lat' dir='ltr'>quibus</span> <span class='ocrx_word' id='word_1_104' title='bbox 3786 1823 3939 1900; x_wconf 85' lang='lat' dir='ltr'>eius</span> <span class='ocrx_word' id='word_1_105' title='bbox 3988 1819 4337 1897; x_wconf 83' lang='lat' dir='ltr'>scribendi</span> 
     </span>
     <span class='ocr_line' id='line_1_11' title="bbox 1295 1942 4337 2046; baseline -0.001 -26"><span class='ocrx_word' id='word_1_106' title='bbox 1295 1970 1462 2021; x_wconf 89' lang='lat' dir='ltr'>cura</span> <span class='ocrx_word' id='word_1_107' title='bbox 1525 1945 1662 2020; x_wconf 85' lang='lat' dir='ltr'>fuit</span> <span class='ocrx_word' id='word_1_108' title='bbox 1717 1943 2047 2022; x_wconf 87' lang='lat' dir='ltr'>mandata</span> <span class='ocrx_word' id='word_1_109' title='bbox 2064 2002 2085 2033; x_wconf 91' lang='lat'>,</span> <span class='ocrx_word' id='word_1_110' title='bbox 2149 1944 2274 2020; x_wconf 87' lang='lat' dir='ltr'>sed</span> <span class='ocrx_word' id='word_1_111' title='bbox 2341 1942 2729 2020; x_wconf 85' lang='lat' dir='ltr'>Ordinibus</span> <span class='ocrx_word' id='word_1_112' title='bbox 2793 1943 3139 2042; x_wconf 83' lang='lat' dir='ltr'>quidquid</span> <span class='ocrx_word' id='word_1_113' title='bbox 3198 1969 3363 2019; x_wconf 88' lang='lat' dir='ltr'>cum</span> <span class='ocrx_word' id='word_1_114' title='bbox 3418 1945 3921 2046; x_wconf 85' lang='lat' dir='ltr'>Napoleontico</span> <span class='ocrx_word' id='word_1_115' title='bbox 3982 1945 4133 2018; x_wconf 86' lang='lat' dir='ltr'>iure</span> <span class='ocrx_word' id='word_1_116' title='bbox 4198 1967 4337 2018; x_wconf 86' lang='lat' dir='ltr'>non</span> 
     </span>
     <span class='ocr_line' id='line_1_12' title="bbox 1299 2062 4334 2167; baseline -0.002 -25"><span class='ocrx_word' id='word_1_117' title='bbox 1299 2065 1692 2144; x_wconf 81' lang='lat' dir='ltr'>conveniret</span> <span class='ocrx_word' id='word_1_118' title='bbox 1731 2063 1873 2142; x_wconf 81' lang='lat' dir='ltr'>fere</span> <span class='ocrx_word' id='word_1_119' title='bbox 1917 2062 2386 2140; x_wconf 78' lang='lat' dir='ltr'>reficientibus</span> <span class='ocrx_word' id='word_1_120' title='bbox 2427 2088 2581 2140; x_wconf 87' lang='lat' dir='ltr'>eam</span> <span class='ocrx_word' id='word_1_121' title='bbox 2626 2063 2718 2138; x_wconf 88' lang='lat' dir='ltr'>ad</span> <span class='ocrx_word' id='word_1_122' title='bbox 2766 2063 3295 2140; x_wconf 84' lang='lat' dir='ltr'>deliberandum</span> <span class='ocrx_word' id='word_1_123' title='bbox 3338 2091 3719 2167; x_wconf 75' lang='lat' dir='ltr'>proponere</span> <span class='ocrx_word' id='word_1_124' title='bbox 3766 2065 3924 2142; x_wconf 87' lang='lat' dir='ltr'>ausi</span> <span class='ocrx_word' id='word_1_125' title='bbox 3962 2089 4103 2139; x_wconf 86' lang='lat' dir='ltr'>non</span> <span class='ocrx_word' id='word_1_126' title='bbox 4142 2070 4334 2138; x_wconf 75' lang='lat' dir='ltr'>sunt..</span> 
     </span>
    </p>
   </div>
   <div class='ocr_carea' id='block_1_5' title="bbox 1295 2302 4343 3122">
    <p class='ocr_par' dir='ltr' id='par_1_5' title="bbox 1295 2302 4343 3122">
     <span class='ocr_line' id='line_1_13' title="bbox 1399 2302 4341 2404; baseline -0.001 -26"><span class='ocrx_word' id='word_1_127' title='bbox 1399 2303 1770 2403; x_wconf 85' lang='lat' dir='ltr'>Superest,</span> <span class='ocrx_word' id='word_1_128' title='bbox 1819 2309 1900 2380; x_wconf 85' lang='lat' dir='ltr'>ut</span> <span class='ocrx_word' id='word_1_129' title='bbox 1946 2303 2034 2378; x_wconf 92' lang='lat' dir='ltr'>de</span> <span class='ocrx_word' id='word_1_130' title='bbox 2075 2302 2230 2404; x_wconf 86' lang='lat' dir='ltr'>ipsa</span> <span class='ocrx_word' id='word_1_131' title='bbox 2277 2305 2545 2380; x_wconf 73' lang='lat' dir='ltr'>dicendi</span> <span class='ocrx_word' id='word_1_132' title='bbox 2588 2306 3105 2403; x_wconf 62' lang='lat' dir='ltr'>explicandique</span> <span class='ocrx_word' id='word_1_133' title='bbox 3144 2303 3373 2380; x_wconf 84' lang='lat' dir='ltr'>dicam</span> <span class='ocrx_word' id='word_1_134' title='bbox 3398 2307 3643 2402; x_wconf 80' lang='lat' dir='ltr'>forma</span> <span class='ocrx_word' id='word_1_135' title='bbox 3660 2363 3681 2395; x_wconf 91' lang='lat'>‚</span> <span class='ocrx_word' id='word_1_136' title='bbox 3728 2329 3941 2404; x_wconf 88' lang='lat' dir='ltr'>quam</span> <span class='ocrx_word' id='word_1_137' title='bbox 3987 2303 4341 2403; x_wconf 80' lang='lat' dir='ltr'>legislator</span> 
     </span>
     <span class='ocr_line' id='line_1_14' title="bbox 1296 2422 4337 2526; baseline -0.001 -28"><span class='ocrx_word' id='word_1_138' title='bbox 1296 2431 1578 2501; x_wconf 87' lang='lat' dir='ltr'>secutus</span> <span class='ocrx_word' id='word_1_139' title='bbox 1635 2435 1761 2502; x_wconf 85' lang='lat' dir='ltr'>est.</span> <span class='ocrx_word' id='word_1_140' title='bbox 1861 2424 1972 2497; x_wconf 93' lang='lat' dir='ltr'>De</span> <span class='ocrx_word' id='word_1_141' title='bbox 2031 2447 2174 2521; x_wconf 92' lang='lat' dir='ltr'>quo</span> <span class='ocrx_word' id='word_1_142' title='bbox 2228 2431 2638 2522; x_wconf 86' lang='lat' dir='ltr'>argumento</span> <span class='ocrx_word' id='word_1_143' title='bbox 2688 2423 2751 2498; x_wconf 91' lang='lat' dir='ltr'>si</span> <span class='ocrx_word' id='word_1_144' title='bbox 2807 2424 3171 2498; x_wconf 87' lang='lat' dir='ltr'>vernaculo</span> <span class='ocrx_word' id='word_1_145' title='bbox 3216 2449 3529 2500; x_wconf 84' lang='lat' dir='ltr'>sermone</span> <span class='ocrx_word' id='word_1_146' title='bbox 3576 2450 3855 2526; x_wconf 83' lang='lat' dir='ltr'>agerem</span> <span class='ocrx_word' id='word_1_147' title='bbox 3907 2431 3979 2499; x_wconf 91' lang='lat' dir='ltr'>et</span> <span class='ocrx_word' id='word_1_148' title='bbox 4026 2422 4337 2522; x_wconf 83' lang='lat' dir='ltr'>exempla</span> 
     </span>
     <span class='ocr_line' id='line_1_15' title="bbox 1296 2541 4337 2642; baseline -0.001 -26"><span class='ocrx_word' id='word_1_149' title='bbox 1296 2545 1372 2618; x_wconf 91' lang='lat' dir='ltr'>in</span> <span class='ocrx_word' id='word_1_150' title='bbox 1439 2543 1730 2642; x_wconf 84' lang='lat' dir='ltr'>singulis</span> <span class='ocrx_word' id='word_1_151' title='bbox 1784 2541 1928 2618; x_wconf 86' lang='lat' dir='ltr'>fere</span> <span class='ocrx_word' id='word_1_152' title='bbox 1976 2543 2198 2620; x_wconf 89' lang='lat' dir='ltr'>titulis</span> <span class='ocrx_word' id='word_1_153' title='bbox 2251 2543 2456 2620; x_wconf 87' lang='lat' dir='ltr'>obvia</span> <span class='ocrx_word' id='word_1_154' title='bbox 2507 2543 2773 2619; x_wconf 76' lang='lat' dir='ltr'>adferre</span> <span class='ocrx_word' id='word_1_155' title='bbox 2810 2545 3055 2619; x_wconf 86' lang='lat' dir='ltr'>vellem</span> <span class='ocrx_word' id='word_1_156' title='bbox 3075 2603 3096 2634; x_wconf 90' lang='lat'><em>,</em></span> <span class='ocrx_word' id='word_1_157' title='bbox 3132 2545 3283 2620; x_wconf 86' lang='lat' dir='ltr'>dies</span> <span class='ocrx_word' id='word_1_158' title='bbox 3329 2546 3527 2622; x_wconf 82' lang='lat' dir='ltr'>facile</span> <span class='ocrx_word' id='word_1_159' title='bbox 3576 2570 3695 2620; x_wconf 90' lang='lat' dir='ltr'>me</span> <span class='ocrx_word' id='word_1_160' title='bbox 3746 2546 4089 2620; x_wconf 88' lang='lat' dir='ltr'>deficeret.</span> <span class='ocrx_word' id='word_1_161' title='bbox 4190 2542 4337 2616; x_wconf 85' lang='lat' dir='ltr'>Sci·</span> 
     </span>
     <span class='ocr_line' id='line_1_16' title="bbox 1298 2661 4343 2764; baseline -0.001 -24"><span class='ocrx_word' id='word_1_162' title='bbox 1298 2664 1468 2742; x_wconf 78' lang='lat' dir='ltr'>licet</span> <span class='ocrx_word' id='word_1_163' title='bbox 1499 2663 1812 2764; x_wconf 87' lang='lat' dir='ltr'>quaestio</span> <span class='ocrx_word' id='word_1_164' title='bbox 1873 2663 2108 2762; x_wconf 88' lang='lat' dir='ltr'>agitur</span> <span class='ocrx_word' id='word_1_165' title='bbox 2148 2663 2238 2740; x_wconf 84' lang='lat' dir='ltr'>de</span> <span class='ocrx_word' id='word_1_166' title='bbox 2283 2665 2621 2740; x_wconf 75' lang='lat' dir='ltr'>vocabulis</span> <span class='ocrx_word' id='word_1_167' title='bbox 2667 2663 3082 2763; x_wconf 82' lang='lat' dir='ltr'>dicendique</span> <span class='ocrx_word' id='word_1_168' title='bbox 3107 2668 3470 2759; x_wconf 76' lang='lat' dir='ltr'>formulis,</span> <span class='ocrx_word' id='word_1_169' title='bbox 3518 2691 3607 2741; x_wconf 85' lang='lat' dir='ltr'>ex</span> <span class='ocrx_word' id='word_1_170' title='bbox 3654 2664 4068 2763; x_wconf 81' lang='lat' dir='ltr'>antiquitate</span> <span class='ocrx_word' id='word_1_171' title='bbox 4116 2661 4343 2762; x_wconf 81' lang='lat' dir='ltr'>magis</span> 
     </span>
     <span class='ocr_line' id='line_1_17' title="bbox 1295 2781 4337 2873; baseline -0.001 -15"><span class='ocrx_word' id='word_1_172' title='bbox 1295 2782 1615 2859; x_wconf 86' lang='lat' dir='ltr'>minusve</span> <span class='ocrx_word' id='word_1_173' title='bbox 1670 2782 1958 2857; x_wconf 83' lang='lat' dir='ltr'>feliciter</span> <span class='ocrx_word' id='word_1_174' title='bbox 2031 2782 2347 2858; x_wconf 87' lang='lat' dir='ltr'>excitatis</span> <span class='ocrx_word' id='word_1_175' title='bbox 2363 2842 2386 2873; x_wconf 90' lang='lat'>,</span> <span class='ocrx_word' id='word_1_176' title='bbox 2453 2783 2547 2858; x_wconf 88' lang='lat' dir='ltr'>de</span> <span class='ocrx_word' id='word_1_177' title='bbox 2608 2785 2953 2859; x_wconf 83' lang='lat' dir='ltr'>verborum</span> <span class='ocrx_word' id='word_1_178' title='bbox 3016 2789 3503 2862; x_wconf 59' lang='lat' dir='ltr'>construetione</span> <span class='ocrx_word' id='word_1_179' title='bbox 3573 2784 3873 2860; x_wconf 86' lang='lat' dir='ltr'>subinde</span> <span class='ocrx_word' id='word_1_180' title='bbox 3937 2781 4337 2858; x_wconf 84' lang='lat' dir='ltr'>Francicam</span> 
     </span>
     <span class='ocr_line' id='line_1_18' title="bbox 1297 2900 4340 3002; baseline 0 -25"><span class='ocrx_word' id='word_1_181' title='bbox 1297 2903 1648 3002; x_wconf 87' lang='lat' dir='ltr'>quandam</span> <span class='ocrx_word' id='word_1_182' title='bbox 1693 2903 1804 2977; x_wconf 83' lang='lat' dir='ltr'>vel</span> <span class='ocrx_word' id='word_1_183' title='bbox 1849 2900 2190 3001; x_wconf 86' lang='lat' dir='ltr'>originem</span> <span class='ocrx_word' id='word_1_184' title='bbox 2232 2903 2344 2977; x_wconf 84' lang='lat' dir='ltr'>vel</span> <span class='ocrx_word' id='word_1_185' title='bbox 2387 2901 2853 2978; x_wconf 89' lang='lat' dir='ltr'>imitationem</span> <span class='ocrx_word' id='word_1_186' title='bbox 2902 2903 3299 2993; x_wconf 88' lang='lat' dir='ltr'>subolente,</span> <span class='ocrx_word' id='word_1_187' title='bbox 3350 2906 3439 2980; x_wconf 90' lang='lat' dir='ltr'>de</span> <span class='ocrx_word' id='word_1_188' title='bbox 3476 2907 3833 2980; x_wconf 69' lang='lat' dir='ltr'>sententiis</span> <span class='ocrx_word' id='word_1_189' title='bbox 3871 2903 3982 2979; x_wconf 84' lang='lat' dir='ltr'>vel</span> <span class='ocrx_word' id='word_1_190' title='bbox 4022 2901 4340 2979; x_wconf 88' lang='lat' dir='ltr'>obscuris</span> 
     </span>
     <span class='ocr_line' id='line_1_19' title="bbox 1297 3020 4343 3122; baseline 0 -26"><span class='ocrx_word' id='word_1_191' title='bbox 1297 3023 1408 3098; x_wconf 82' lang='lat' dir='ltr'>vel</span> <span class='ocrx_word' id='word_1_192' title='bbox 1458 3023 1803 3120; x_wconf 79' lang='lat' dir='ltr'>antiquis3</span> <span class='ocrx_word' id='word_1_193' title='bbox 1853 3022 2156 3100; x_wconf 79' lang='lat' dir='ltr'>maxime</span> <span class='ocrx_word' id='word_1_194' title='bbox 2204 3045 2364 3102; x_wconf 86' lang='lat' dir='ltr'>vero</span> <span class='ocrx_word' id='word_1_195' title='bbox 2409 3022 2497 3098; x_wconf 93' lang='lat' dir='ltr'>de</span> <span class='ocrx_word' id='word_1_196' title='bbox 2541 3023 2917 3100; x_wconf 77' lang='lat' dir='ltr'>verborum</span> <span class='ocrx_word' id='word_1_197' title='bbox 2956 3031 3169 3122; x_wconf 86' lang='lat' dir='ltr'>atque</span> <span class='ocrx_word' id='word_1_198' title='bbox 3215 3023 3672 3100; x_wconf 83' lang='lat' dir='ltr'>formularum</span> <span class='ocrx_word' id='word_1_199' title='bbox 3720 3023 4129 3100; x_wconf 84' lang='lat' dir='ltr'>confusione</span> <span class='ocrx_word' id='word_1_200' title='bbox 4178 3020 4343 3096; x_wconf 89' lang='lat' dir='ltr'>inde</span> 
     </span>
    </p>
   </div>
   <div class='ocr_carea' id='block_1_6' title="bbox 1127 3141 4347 3241">
    <p class='ocr_par' dir='ltr' id='par_1_6' title="bbox 1127 3141 4347 3241">
     <span class='ocr_line' id='line_1_20' title="bbox 1127 3141 4347 3241; baseline 0.001 -25"><span class='ocrx_word' id='word_1_201' title='bbox 1127 3143 1137 3152; x_wconf 83' lang='grc'><strong>’</strong></span> <span class='ocrx_word' id='word_1_202' title='bbox 1297 3151 1446 3220; x_wconf 85' lang='lat' dir='ltr'>orta</span> <span class='ocrx_word' id='word_1_203' title='bbox 1464 3200 1490 3233; x_wconf 82' lang='lat'>‚</span> <span class='ocrx_word' id='word_1_204' title='bbox 1559 3141 1782 3241; x_wconf 66' lang='lat' dir='ltr'>quod,</span> <span class='ocrx_word' id='word_1_205' title='bbox 1815 3145 2046 3218; x_wconf 80' lang='lat' dir='ltr'>eadem</span> <span class='ocrx_word' id='word_1_206' title='bbox 2109 3166 2220 3218; x_wconf 77' lang='lat' dir='ltr'>res</span> <span class='ocrx_word' id='word_1_207' title='bbox 2281 3165 2489 3240; x_wconf 80' lang='lat' dir='ltr'>saepe</span> <span class='ocrx_word' id='word_1_208' title='bbox 2550 3145 2835 3219; x_wconf 54' lang='lat' dir='ltr'>diversus</span> <span class='ocrx_word' id='word_1_209' title='bbox 2892 3145 3229 3220; x_wconf 73' lang='lat' dir='ltr'>vocabulis</span> <span class='ocrx_word' id='word_1_210' title='bbox 3243 3203 3265 3235; x_wconf 90' lang='lat'>‚</span> <span class='ocrx_word' id='word_1_211' title='bbox 3322 3143 3619 3221; x_wconf 86' lang='lat' dir='ltr'>subinde</span> <span class='ocrx_word' id='word_1_212' title='bbox 3671 3169 3833 3220; x_wconf 85' lang='lat' dir='ltr'>vero</span> <span class='ocrx_word' id='word_1_213' title='bbox 3872 3147 4185 3220; x_wconf 74' lang='lat' dir='ltr'>diversae</span> <span class='ocrx_word' id='word_1_214' title='bbox 4234 3167 4347 3220; x_wconf 74' lang='lat' dir='ltr'>res</span> 
     </span>
    </p>
   </div>
   <div class='ocr_carea' id='block_1_7' title="bbox 1297 3261 4347 4446">
    <p class='ocr_par' dir='ltr' id='par_1_7' title="bbox 1297 3261 4347 4446">
     <span class='ocr_line' id='line_1_21' title="bbox 1297 3261 4341 3364; baseline 0.001 -27"><span class='ocrx_word' id='word_1_215' title='bbox 1297 3285 1438 3340; x_wconf 76' lang='lat' dir='ltr'>una</span> <span class='ocrx_word' id='word_1_216' title='bbox 1489 3265 1849 3362; x_wconf 78' lang='lat' dir='ltr'>eademque</span> <span class='ocrx_word' id='word_1_217' title='bbox 1893 3261 2236 3336; x_wconf 78' lang='lat' dir='ltr'>verborum</span> <span class='ocrx_word' id='word_1_218' title='bbox 2258 3264 2574 3355; x_wconf 78' lang='lat' dir='ltr'>formula</span> <span class='ocrx_word' id='word_1_219' title='bbox 2616 3263 3044 3364; x_wconf 86' lang='lat' dir='ltr'>significatae</span> <span class='ocrx_word' id='word_1_220' title='bbox 3088 3271 3275 3343; x_wconf 81' lang='lat' dir='ltr'>sunt.</span> <span class='ocrx_word' id='word_1_221' title='bbox 3376 3265 3777 3345; x_wconf 74' lang='lat' dir='ltr'>Quominus</span> <span class='ocrx_word' id='word_1_222' title='bbox 3820 3289 3983 3341; x_wconf 80' lang='lat' dir='ltr'>vero</span> <span class='ocrx_word' id='word_1_223' title='bbox 4024 3289 4141 3340; x_wconf 90' lang='lat' dir='ltr'>me</span> <span class='ocrx_word' id='word_1_224' title='bbox 4178 3285 4341 3362; x_wconf 87' lang='lat' dir='ltr'>poe-</span> 
     </span>
     <span class='ocr_line' id='line_1_22' title="bbox 1302 3381 4341 3486; baseline 0.001 -32"><span class='ocrx_word' id='word_1_225' title='bbox 1302 3381 1522 3456; x_wconf 83' lang='lat' dir='ltr'>niteat</span> <span class='ocrx_word' id='word_1_226' title='bbox 1587 3381 1756 3459; x_wconf 87' lang='lat' dir='ltr'>haec</span> <span class='ocrx_word' id='word_1_227' title='bbox 1827 3381 2042 3458; x_wconf 85' lang='lat' dir='ltr'>latine</span> <span class='ocrx_word' id='word_1_228' title='bbox 2103 3381 2392 3480; x_wconf 86' lang='lat' dir='ltr'>quidem</span> <span class='ocrx_word' id='word_1_229' title='bbox 2433 3383 2709 3482; x_wconf 85' lang='lat' dir='ltr'>plenius</span> <span class='ocrx_word' id='word_1_230' title='bbox 2754 3384 3006 3484; x_wconf 86' lang='lat' dir='ltr'>exponi</span> <span class='ocrx_word' id='word_1_231' title='bbox 3052 3409 3193 3460; x_wconf 90' lang='lat' dir='ltr'>non</span> <span class='ocrx_word' id='word_1_232' title='bbox 3241 3409 3447 3486; x_wconf 84' lang='lat' dir='ltr'>posse</span> <span class='ocrx_word' id='word_1_233' title='bbox 3466 3443 3486 3475; x_wconf 91' lang='lat'>,</span> <span class='ocrx_word' id='word_1_234' title='bbox 3534 3385 3803 3462; x_wconf 83' lang='lat' dir='ltr'>faciunt</span> <span class='ocrx_word' id='word_1_235' title='bbox 3852 3410 4037 3484; x_wconf 88' lang='lat' dir='ltr'>quae</span> <span class='ocrx_word' id='word_1_236' title='bbox 4078 3383 4169 3458; x_wconf 87' lang='lat' dir='ltr'>de</span> <span class='ocrx_word' id='word_1_237' title='bbox 4214 3383 4341 3457; x_wconf 90' lang='lat' dir='ltr'>hoc</span> 
     </span>
     <span class='ocr_line' id='line_1_23' title="bbox 1302 3499 4335 3606; baseline 0.001 -30"><span class='ocrx_word' id='word_1_238' title='bbox 1302 3508 1712 3601; x_wconf 88' lang='lat' dir='ltr'>argumento</span> <span class='ocrx_word' id='word_1_239' title='bbox 1755 3508 1956 3576; x_wconf 89' lang='lat' dir='ltr'>acute</span> <span class='ocrx_word' id='word_1_240' title='bbox 1998 3509 2078 3576; x_wconf 90' lang='lat' dir='ltr'>ut</span> <span class='ocrx_word' id='word_1_241' title='bbox 2123 3499 2340 3589; x_wconf 88' lang='lat' dir='ltr'>solet,</span> <span class='ocrx_word' id='word_1_242' title='bbox 2387 3509 2459 3578; x_wconf 89' lang='lat' dir='ltr'>et</span> <span class='ocrx_word' id='word_1_243' title='bbox 2500 3503 2851 3602; x_wconf 81' lang='lat' dir='ltr'>eleganter</span> <span class='ocrx_word' id='word_1_244' title='bbox 2870 3563 2895 3593; x_wconf 92' lang='lat'>,</span> <span class='ocrx_word' id='word_1_245' title='bbox 2942 3511 3013 3580; x_wconf 91' lang='lat' dir='ltr'>et</span> <span class='ocrx_word' id='word_1_246' title='bbox 3048 3506 3323 3606; x_wconf 86' lang='lat' dir='ltr'>copiose</span> <span class='ocrx_word' id='word_1_247' title='bbox 3376 3505 3757 3605; x_wconf 81' lang='lat' dir='ltr'>disputavit</span> <span class='ocrx_word' id='word_1_248' title='bbox 3816 3505 4067 3580; x_wconf 84' lang='lat' dir='ltr'>harum</span> <span class='ocrx_word' id='word_1_249' title='bbox 4106 3527 4335 3580; x_wconf 86' lang='lat' dir='ltr'>rerum</span> 
     </span>
     <span class='ocr_line' id='line_1_24' title="bbox 1304 3619 4341 3726; baseline 0 -28"><span class='ocrx_word' id='word_1_250' title='bbox 1304 3619 1790 3720; x_wconf 82' lang='lat' dir='ltr'>sagacissimus</span> <span class='ocrx_word' id='word_1_251' title='bbox 1831 3619 2226 3698; x_wconf 89' lang='lat' dir='ltr'>observator</span> <span class='ocrx_word' id='word_1_252' title='bbox 2259 3621 2649 3700; x_wconf 76' lang='lat' dir='ltr'>Assnmus.</span> <span class='ocrx_word' id='word_1_253' title='bbox 2748 3623 3057 3714; x_wconf 85' lang='lat' dir='ltr'>Quodsi,</span> <span class='ocrx_word' id='word_1_254' title='bbox 3108 3625 3519 3726; x_wconf 83' lang='lat' dir='ltr'>legislatoris</span> <span class='ocrx_word' id='word_1_255' title='bbox 3556 3623 3775 3702; x_wconf 87' lang='lat' dir='ltr'>nostri</span> <span class='ocrx_word' id='word_1_256' title='bbox 3808 3648 4091 3701; x_wconf 85' lang='lat' dir='ltr'>causam</span> <span class='ocrx_word' id='word_1_257' title='bbox 4129 3623 4341 3698; x_wconf 85' lang='lat' dir='ltr'>susci-</span> 
     </span>
     <span class='ocr_line' id='line_1_25' title="bbox 1299 3739 4343 3845; baseline 0 -30"><span class='ocrx_word' id='word_1_258' title='bbox 1299 3741 1570 3839; x_wconf 88' lang='lat' dir='ltr'>pientes</span> <span class='ocrx_word' id='word_1_259' title='bbox 1589 3798 1610 3829; x_wconf 91' lang='lat'>,</span> <span class='ocrx_word' id='word_1_260' title='bbox 1677 3739 1768 3817; x_wconf 90' lang='lat' dir='ltr'>de</span> <span class='ocrx_word' id='word_1_261' title='bbox 1817 3764 2090 3816; x_wconf 85' lang='lat' dir='ltr'>summa</span> <span class='ocrx_word' id='word_1_262' title='bbox 2140 3741 2388 3820; x_wconf 85' lang='lat' dir='ltr'>harum</span> <span class='ocrx_word' id='word_1_263' title='bbox 2431 3767 2667 3818; x_wconf 88' lang='lat' dir='ltr'>rerum</span> <span class='ocrx_word' id='word_1_264' title='bbox 2712 3744 3115 3822; x_wconf 86' lang='lat' dir='ltr'>difficultate</span> <span class='ocrx_word' id='word_1_265' title='bbox 3132 3805 3153 3835; x_wconf 89' lang='lat'>,</span> <span class='ocrx_word' id='word_1_266' title='bbox 3212 3746 3305 3822; x_wconf 89' lang='lat' dir='ltr'>de</span> <span class='ocrx_word' id='word_1_267' title='bbox 3346 3746 3663 3822; x_wconf 87' lang='lat' dir='ltr'>codicum</span> <span class='ocrx_word' id='word_1_268' title='bbox 3704 3746 3781 3820; x_wconf 88' lang='lat' dir='ltr'>in</span> <span class='ocrx_word' id='word_1_269' title='bbox 3833 3743 4059 3845; x_wconf 83' lang='lat' dir='ltr'>patria</span> <span class='ocrx_word' id='word_1_270' title='bbox 4110 3750 4343 3818; x_wconf 85' lang='lat' dir='ltr'>nostra</span> 
     </span>
     <span class='ocr_line' id='line_1_26' title="bbox 1301 3861 4343 3968; baseline 0.001 -34"><span class='ocrx_word' id='word_1_271' title='bbox 1301 3861 1608 3938; x_wconf 86' lang='lat' dir='ltr'>novitate</span> <span class='ocrx_word' id='word_1_272' title='bbox 1627 3919 1648 3950; x_wconf 86' lang='lat'><strong>,</strong></span> <span class='ocrx_word' id='word_1_273' title='bbox 1717 3861 1806 3936; x_wconf 91' lang='lat' dir='ltr'>de</span> <span class='ocrx_word' id='word_1_274' title='bbox 1872 3861 2026 3960; x_wconf 87' lang='lat' dir='ltr'>ipso</span> <span class='ocrx_word' id='word_1_275' title='bbox 2087 3887 2402 3940; x_wconf 89' lang='lat' dir='ltr'>sermone</span> <span class='ocrx_word' id='word_1_276' title='bbox 2456 3871 2695 3940; x_wconf 85' lang='lat' dir='ltr'>nostro</span> <span class='ocrx_word' id='word_1_277' title='bbox 2750 3863 2877 3950; x_wconf 86' lang='lat' dir='ltr'>hae</span> <span class='ocrx_word' id='word_1_278' title='bbox 2928 3865 3215 3964; x_wconf 85' lang='lat' dir='ltr'>quidem</span> <span class='ocrx_word' id='word_1_279' title='bbox 3264 3867 3339 3942; x_wconf 91' lang='lat' dir='ltr'>in</span> <span class='ocrx_word' id='word_1_280' title='bbox 3382 3874 3581 3968; x_wconf 85' lang='lat' dir='ltr'>parte</span> <span class='ocrx_word' id='word_1_281' title='bbox 3626 3868 3941 3943; x_wconf 89' lang='lat' dir='ltr'>nondum</span> <span class='ocrx_word' id='word_1_282' title='bbox 3993 3865 4161 3941; x_wconf 89' lang='lat' dir='ltr'>satis</span> <span class='ocrx_word' id='word_1_283' title='bbox 4208 3863 4343 3938; x_wconf 79' lang='lat' dir='ltr'>for-</span> 
     </span>
     <span class='ocr_line' id='line_1_27' title="bbox 1309 3981 4345 4080; baseline 0.002 -26"><span class='ocrx_word' id='word_1_284' title='bbox 1309 3981 1488 4058; x_wconf 87' lang='lat' dir='ltr'>sitan</span> <span class='ocrx_word' id='word_1_285' title='bbox 1535 3981 1807 4058; x_wconf 86' lang='lat' dir='ltr'>exculto</span> <span class='ocrx_word' id='word_1_286' title='bbox 1827 4038 1846 4069; x_wconf 87' lang='lat'><em>,</em></span> <span class='ocrx_word' id='word_1_287' title='bbox 1898 3981 2404 4080; x_wconf 84' lang='lat' dir='ltr'>disputandum</span> <span class='ocrx_word' id='word_1_288' title='bbox 2451 3984 2748 4060; x_wconf 85' lang='lat' dir='ltr'>censetis</span> <span class='ocrx_word' id='word_1_289' title='bbox 2768 4043 2791 4075; x_wconf 88' lang='lat'>‚</span> <span class='ocrx_word' id='word_1_290' title='bbox 2837 3985 3185 4062; x_wconf 88' lang='lat' dir='ltr'>habebitis</span> <span class='ocrx_word' id='word_1_291' title='bbox 3226 4012 3341 4064; x_wconf 88' lang='lat' dir='ltr'>me</span> <span class='ocrx_word' id='word_1_292' title='bbox 3384 3987 3581 4064; x_wconf 81' lang='lat' dir='ltr'>vobis</span> <span class='ocrx_word' id='word_1_293' title='bbox 3621 3987 4173 4076; x_wconf 85' lang='lat' dir='ltr'>adsentientem;</span> <span class='ocrx_word' id='word_1_294' title='bbox 4220 3985 4345 4060; x_wconf 78' lang='lat' dir='ltr'>sed</span> 
     </span>
     <span class='ocr_line' id='line_1_28' title="bbox 1307 4098 4343 4208; baseline 0.002 -37"><span class='ocrx_word' id='word_1_295' title='bbox 1307 4099 1418 4172; x_wconf 79' lang='lat' dir='ltr'>vel</span> <span class='ocrx_word' id='word_1_296' title='bbox 1457 4098 1554 4174; x_wconf 85' lang='lat' dir='ltr'>sic</span> <span class='ocrx_word' id='word_1_297' title='bbox 1608 4108 1842 4178; x_wconf 87' lang='lat' dir='ltr'>tamen</span> <span class='ocrx_word' id='word_1_298' title='bbox 1881 4108 2120 4178; x_wconf 81' lang='lat' dir='ltr'>manet</span> <span class='ocrx_word' id='word_1_299' title='bbox 2161 4103 2324 4180; x_wconf 82' lang='lat' dir='ltr'>hoc:</span> <span class='ocrx_word' id='word_1_300' title='bbox 2397 4127 2551 4180; x_wconf 88' lang='lat' dir='ltr'>esse</span> <span class='ocrx_word' id='word_1_301' title='bbox 2598 4104 2673 4178; x_wconf 93' lang='lat' dir='ltr'>in</span> <span class='ocrx_word' id='word_1_302' title='bbox 2716 4105 2869 4204; x_wconf 82' lang='lat' dir='ltr'>ipsa</span> <span class='ocrx_word' id='word_1_303' title='bbox 2914 4104 3189 4186; x_wconf 84' lang='lat' dir='ltr'>dicendi</span> <span class='ocrx_word' id='word_1_304' title='bbox 3252 4106 3777 4208; x_wconf 80' lang='lat' dir='ltr'>disserendique</span> <span class='ocrx_word' id='word_1_305' title='bbox 3833 4107 4098 4183; x_wconf 89' lang='lat' dir='ltr'>ratione</span> <span class='ocrx_word' id='word_1_306' title='bbox 4160 4127 4343 4205; x_wconf 88' lang='lat' dir='ltr'>quae</span> 
     </span>
     <span class='ocr_line' id='line_1_29' title="bbox 1305 4217 4347 4329; baseline 0.003 -37"><span class='ocrx_word' id='word_1_307' title='bbox 1305 4219 1380 4295; x_wconf 88' lang='lat' dir='ltr'>in</span> <span class='ocrx_word' id='word_1_308' title='bbox 1428 4217 1782 4296; x_wconf 85' lang='lat' dir='ltr'>codicibus</span> <span class='ocrx_word' id='word_1_309' title='bbox 1827 4219 2082 4294; x_wconf 81' lang='lat' dir='ltr'>nostris</span> <span class='ocrx_word' id='word_1_310' title='bbox 2125 4222 2679 4298; x_wconf 85' lang='lat' dir='ltr'>emendationem</span> <span class='ocrx_word' id='word_1_311' title='bbox 2709 4225 3099 4324; x_wconf 85' lang='lat' dir='ltr'>requirant,</span> <span class='ocrx_word' id='word_1_312' title='bbox 3134 4234 3217 4304; x_wconf 88' lang='lat' dir='ltr'>ut</span> <span class='ocrx_word' id='word_1_313' title='bbox 3256 4227 3349 4302; x_wconf 85' lang='lat' dir='ltr'>sit</span> <span class='ocrx_word' id='word_1_314' title='bbox 3376 4229 3584 4329; x_wconf 81' lang='lat' dir='ltr'>plana</span> <span class='ocrx_word' id='word_1_315' title='bbox 3602 4287 3628 4320; x_wconf 86' lang='lat'><em>,</em></span> <span class='ocrx_word' id='word_1_316' title='bbox 3656 4227 3952 4329; x_wconf 85' lang='lat' dir='ltr'>simplex</span> <span class='ocrx_word' id='word_1_317' title='bbox 3970 4285 3993 4321; x_wconf 88' lang='lat'><em>,</em></span> <span class='ocrx_word' id='word_1_318' title='bbox 4023 4227 4303 4303; x_wconf 83' lang='lat' dir='ltr'>evidens</span> <span class='ocrx_word' id='word_1_319' title='bbox 4318 4281 4347 4314; x_wconf 77' lang='lat'>‚</span> 
     </span>
     <span class='ocr_line' id='line_1_30' title="bbox 1307 4338 2903 4446; baseline 0.004 -28"><span class='ocrx_word' id='word_1_320' title='bbox 1307 4346 1546 4418; x_wconf 83' lang='lat' dir='ltr'>nostro</span> <span class='ocrx_word' id='word_1_321' title='bbox 1590 4339 1892 4439; x_wconf 85' lang='lat' dir='ltr'>denique</span> <span class='ocrx_word' id='word_1_322' title='bbox 1933 4338 2322 4438; x_wconf 85' lang='lat' dir='ltr'>legislatore</span> <span class='ocrx_word' id='word_1_323' title='bbox 2365 4343 2559 4419; x_wconf 79' lang='lat' dir='ltr'>haud</span> <span class='ocrx_word' id='word_1_324' title='bbox 2594 4343 2903 4446; x_wconf 83' lang='lat' dir='ltr'>indigna.</span> 
     </span>
    </p>
   </div>
   <div class='ocr_carea' id='block_1_8' title="bbox 1311 4699 4345 4930">
    <p class='ocr_par' dir='ltr' id='par_1_8' title="bbox 1311 4699 4345 4930">
     <span class='ocr_line' id='line_1_31' title="bbox 1407 4699 4333 4810; baseline 0.003 -38"><span class='ocrx_word' id='word_1_325' title='bbox 1407 4699 1548 4774; x_wconf 86' lang='lat' dir='ltr'>Sed</span> <span class='ocrx_word' id='word_1_326' title='bbox 1605 4724 1935 4798; x_wconf 78' lang='lat' dir='ltr'>quorsum</span> <span class='ocrx_word' id='word_1_327' title='bbox 1995 4699 2166 4778; x_wconf 85' lang='lat' dir='ltr'>haec</span> <span class='ocrx_word' id='word_1_328' title='bbox 2211 4702 2495 4780; x_wconf 75' lang='lat' dir='ltr'>omnia?</span> <span class='ocrx_word' id='word_1_329' title='bbox 2577 4705 2777 4781; x_wconf 89' lang='lat' dir='ltr'>Num</span> <span class='ocrx_word' id='word_1_330' title='bbox 2830 4713 3101 4805; x_wconf 68' lang='lat' dir='ltr'>praeter</span> <span class='ocrx_word' id='word_1_331' title='bbox 3146 4709 3577 4810; x_wconf 69' lang='lat' dir='ltr'>prepositum</span> <span class='ocrx_word' id='word_1_332' title='bbox 3634 4735 3717 4786; x_wconf 84' lang='lat' dir='ltr'>ec</span> <span class='ocrx_word' id='word_1_333' title='bbox 3764 4709 4055 4786; x_wconf 82' lang='lat' dir='ltr'>fortasse</span> <span class='ocrx_word' id='word_1_334' title='bbox 4104 4707 4333 4782; x_wconf 79' lang='lat' dir='ltr'>tendit</span> 
     </span>
     <span class='ocr_line' id='line_1_32' title="bbox 1311 4817 4345 4930; baseline 0.004 -38"><span class='ocrx_word' id='word_1_335' title='bbox 1311 4817 1525 4894; x_wconf 79' lang='lat' dir='ltr'>oratio</span> <span class='ocrx_word' id='word_1_336' title='bbox 1540 4875 1562 4908; x_wconf 84' lang='lat'>‚</span> <span class='ocrx_word' id='word_1_337' title='bbox 1609 4827 1690 4894; x_wconf 89' lang='lat' dir='ltr'>ut</span> <span class='ocrx_word' id='word_1_338' title='bbox 1733 4820 1930 4919; x_wconf 81' lang='lat' dir='ltr'>parvi</span> <span class='ocrx_word' id='word_1_339' title='bbox 1967 4819 2321 4900; x_wconf 78' lang='lat' dir='ltr'>faciendae</span> <span class='ocrx_word' id='word_1_340' title='bbox 2337 4881 2362 4916; x_wconf 91' lang='lat'>,</span> <span class='ocrx_word' id='word_1_341' title='bbox 2409 4824 2896 4926; x_wconf 84' lang='lat' dir='ltr'>despiciendae</span> <span class='ocrx_word' id='word_1_342' title='bbox 2943 4827 3118 4905; x_wconf 86' lang='lat' dir='ltr'>adeo</span> <span class='ocrx_word' id='word_1_343' title='bbox 3158 4829 3350 4930; x_wconf 81' lang='lat' dir='ltr'>leges</span> <span class='ocrx_word' id='word_1_344' title='bbox 3394 4839 3669 4910; x_wconf 80' lang='lat' dir='ltr'>nostrae</span> <span class='ocrx_word' id='word_1_345' title='bbox 3714 4855 3867 4908; x_wconf 82' lang='lat' dir='ltr'>esse</span> <span class='ocrx_word' id='word_1_346' title='bbox 3916 4829 4283 4906; x_wconf 80' lang='lat' dir='ltr'>videantur</span> <span class='ocrx_word' id='word_1_347' title='bbox 4300 4827 4345 4902; x_wconf 71' lang='lat' dir='ltr'>P.</span> 
     </span>
    </p>
   </div>
  </div>
 </body>
</html>
