4934 6184
1787 715 2389 783 0RAT10.--
3493 713 3578 782 23

544 925 1019 1014 miraminine,
1098 926 1187 1000 A.
1266 925 1357 1000 A.
1382 981 1403 1013 ,
1486 925 1622 998 tale
1696 925 2151 1000 vaticinium?
2244 923 2428 1014 Quid
2509 922 2804 1011 mirum,
2883 923 3148 998 hostem
3172 979 3194 1011 ‚
3263 921 3577 1020 quamvis

543 1046 956 1120 benevolum
976 1103 997 1134 ,
1051 1045 1445 1143 desperasse
1501 1045 1588 1118 de
1636 1045 1722 1118 iis
1778 1045 1900 1144 qui
1950 1069 2229 1120 omnem
2277 1043 2494 1116 ferme
2539 1042 2674 1141 ipsi
2719 1066 2916 1141 spem
2962 1043 3048 1116 de
3095 1067 3168 1115 se
3215 1041 3570 1140 deposuis-

545 1166 755 1238 sent?
819 1207 919 1224 --
978 1163 1163 1253 Quid
1185 1221 1207 1253 ‚
1274 1187 1437 1238 eum
1500 1164 1933 1263 desperasse,
1998 1165 2123 1238 ubi
2184 1149 2779 1238 animadvertisset
2833 1162 3132 1236 duorum
3181 1161 3573 1260 potentissi-

546 1308 820 1358 morum
878 1308 1163 1382 regum,
1229 1283 1597 1358 Lunovlcr
1657 1285 1838 1358 XIV
1908 1293 1980 1358 et
2036 1285 2323 1358 Canon
2363 1283 2461 1371 11,
2524 1282 2700 1355 vires
2745 1283 3183 1368 coniunctaS‚
3249 1282 3577 1355 adauctas

544 1405 757 1479 etiam
802 1406 1309 1478 Germanorum
1354 1404 1800 1478 conducticiis
1844 1405 2103 1502 copiis,
2152 1404 2331 1477 hanc
2374 1426 2590 1478 unam
2639 1401 2963 1500 exiguam
3003 1401 3535 1497 Rempublicam
3555 1458 3576 1488 ,

543 1524 737 1598 omni
793 1523 1050 1598 auxilio
1119 1523 1564 1612 destitutam,
1634 1524 1925 1598 internis
2006 1524 2291 1621 insuper
2358 1521 2912 1595 dissensionibus
2977 1520 3359 1595 districtam
3380 1579 3400 1609 ,
3470 1521 3576 1593 in-

542 1643 913 1718 festissimo
971 1642 1152 1717 hello
1212 1641 1582 1716 obruentes
1600 1643 1637 1718 P
1712 1643 1851 1716 Sed
1912 1650 1982 1716 et
2037 1643 2173 1717 alia
2237 1641 2705 1740 impendentis
2771 1665 2898 1715 nec
2942 1640 3314 1740 fugiendae
3362 1640 3576 1714 cladis

541 1763 775 1836 omina
839 1769 1053 1836 erant.
1154 1763 1369 1864 Mitto
1429 1763 1634 1838 istam
1700 1763 1956 1837 civium
2019 1763 2399 1836 socordiam
2438 1768 2513 1835 et
2554 1785 2678 1860 per
2726 1761 3134 1836 commercia
3181 1767 3252 1834 et
3304 1759 3576 1834 divitias

544 1883 904 1956 desidiam.
954 1883 1205 1980 Neque
1228 1907 1446 1981 arguo
1466 1883 2007 1982 imprudentiam
2033 1907 2172 1980 qua
2192 1882 2307 1955 ille
2338 1888 2678 1955 nostrates
2703 1880 3141 1979 reprehendit
3158 1881 3284 1973 ⁰³),
3315 1880 3573 1977 quippe

538 2001 833 2075 nimium
895 2001 1105 2074 fretos
1178 2002 1519 2084 sociorum
1592 2002 1848 2077 auxilio
1910 2003 2409 2100 foederumque
2470 2002 2831 2075 sanctitate
2851 2060 2870 2090 ,
2936 2001 3212 2074 incaute
3276 1999 3570 2073 fidentes

539 2121 899 2196 Gallorum
946 2120 1340 2211 blanditiis,
1390 2121 1647 2221 quibus
1696 2121 2047 2197 insidiosis
2092 2121 2570 2196 circumveniri
2621 2146 2770 2195 sese
2816 2121 3003 2220 passi
3043 2119 3359 2195 fuissent.
3427 2118 3568 2192 Sed

538 2241 849 2340 apprime
894 2249 1097 2340 urget
1137 2243 1263 2334 ⁰⁴),
1314 2265 1430 2316 eos
1467 2267 1617 2316 rem
1668 2267 1866 2317 suam
1914 2242 2315 2329 militarem,
2387 2265 2513 2315 seu
2556 2266 2873 2340 perversa
2921 2240 3342 2340 parcimonia
3362 2297 3381 2327 ,
3432 2238 3574 2313 sive

538 2360 799 2434 invidia
866 2362 1169 2461 quadam
1236 2370 1460 2437 motos
1480 2422 1499 2450 ,
1574 2363 1715 2437 sive
1765 2363 2049 2437 tandem
2099 2362 2251 2436 aliis
2304 2363 2392 2436 de
2449 2362 2676 2435 causis
2696 2419 2716 2452 ,
2756 2385 2980 2435 -ruere
3031 2368 3101 2434 et
3145 2359 3578 2458 pessumdari

542 2481 816 2568 sivisse;
880 2506 1045 2555 mox
1102 2489 1379 2571 autem,
1441 2482 1567 2556 ubi
1630 2483 1999 2558 discrimen
2056 2483 2369 2571 adesset,
2432 2481 2790 2580 hostisque
2845 2481 3170 2570 instaret,
3233 2487 3578 2579 correptas

537 2609 819 2700 repente
871 2601 1101 2699 copias
1151 2603 1224 2675 in
1276 2601 1610 2700 plurimas
1653 2628 1776 2702 per
1818 2627 2097 2677 omnem
2137 2603 2383 2676 finium
2432 2603 2776 2677 ambitum
2827 2603 3036 2676 urbes
3085 2602 3388 2676 munitas
3438 2601 3601 2674 dis-·
3687 2695 3690 2698 ⁴

541 2721 833 2819 persisse
857 2778 876 2808 ,
943 2721 1143 2817 quasi
1206 2722 1495 2819 singulis
1558 2722 1667 2796 his
1730 2720 2079 2794 servandis
2134 2726 2521 2794 servaretur
2562 2720 2824 2819 patria,
2877 2720 3048 2802 dum
3093 2727 3329 2795 contra
3381 2743 3578 2817 opor,

538 2839 789 2912 tuisset
868 2841 1231 2912 collectum
1304 2848 1375 2912 et
1452 2846 1887 2936 compactum
1966 2863 2215 2934 agmen
2294 2837 2480 2909 hosti
2551 2839 3001 2934 irrumpenti,
3075 2864 3216 2935 quo
3279 2839 3577 2911 maxime

538 2959 843 3056 impetus
909 2958 1127 3045 foret,
1198 2956 1513 3032 obiicere.
1580 2999 1681 3016 —-
1744 2957 1855 3030 En
1875 3013 1896 3045 ,
1966 2940 2239 3054 inquit,
2308 2981 2554 3030 causas
2615 2979 2740 3029 cur
2795 2955 3057 3028 interiit
3105 2956 3363 3054 inclyta
3407 2957 3576 3030 haec

542 3076 982 3174 Respublica.
1084 3076 1453 3150 Caeterum
1500 3075 1625 3168 (ita
1658 3075 2150 3173 philosophans
2177 3075 2530 3149 concludit
2557 3076 2687 3168 ⁰⁵))
2721 3075 3092 3174 tranquillo
3130 3075 3422 3172 quilibet
3447 3099 3576 3173 gu-

539 3181 862 3270 bernator
902 3203 1029 3269 est.
1128 3195 1223 3268 Et
1256 3195 1475 3270 fateor
1520 3194 1694 3270 nihil
1736 3195 2101 3270 difficilius.
2129 3221 2278 3270 esse
2326 3219 2538 3294 quam
2590 3203 2751 3269 ante
2783 3220 3019 3270 casum
3065 3193 3367 3269 salubria
3413 3194 3576 3270 dare

540 3316 823 3390 consilia
845 3375 865 3406 ‚
922 3315 1099 3390 nihil
1153 3315 1421 3390 facilius
1440 3373 1461 3405 ,
1513 3340 1726 3414 quam
1771 3325 1930 3414 post
1981 3307 2303 3390 eventum
2347 3316 2796 3415 probabiliter
2841 3316 3226 3414 disputare..
3318 3316 3538 3415 Saepe
3557 3375 3578 3406 ,

543 3436 732 3536 quod
816 3435 1333 3535 speculantibus
1404 3436 1607 3510 nobis
1676 3437 1821 3510 veri
1900 3436 2200 3538 speciem
2270 3435 2483 3510 habet
2505 3495 2525 3525 ,
2609 3437 3029 3536 experientia
3097 3462 3354 3511 vanum
3429 3461 3580 3512 esse

544 3557 815 3656 arguit,
866 3564 935 3631 et
980 3556 1161 3630 mala
1203 3556 1405 3630 initia
1451 3555 1713 3632 bonum
1758 3557 2025 3632 exitum
2061 3556 2340 3634 habent.
2383 3593 2393 3604 ·
2444 3557 2666 3656 Igitur
2712 3559 2784 3633 in
2832 3559 2962 3632 hoc
3009 3583 3148 3632 uno
3189 3558 3577 3656 acquiesca-

546 3701 743 3752 mus:
823 3679 900 3750 In
960 3677 1113 3750 Deo
1170 3677 1313 3750 solo
1373 3676 1597 3752 inesse
1663 3679 2071 3777 sapientiam
2121 3687 2191 3752 et
2240 3679 2677 3754 felicitatem:
2729 3674 3122 3754 mortalium
3174 3687 3410 3753 autem
3464 3702 3580 3751 eos

541 3820 691 3871 esse
760 3797 1299 3897 sapientissimos
1320 3855 1341 3885 ,
1401 3798 1524 3896 qui
1587 3799 2039 3897 paucissimos
2108 3800 2550 3874 committant
2599 3809 2897 3887 errores',
2947 3799 3212 3897 hosque
3263 3797 3574 3872 beatissi-

544 3941 692 3992 mos
712 3978 733 4008 ,
781 3919 1039 4018 quibus
1092 3911 1437 3993 rarissime
1482 3924 1794 3993 occurrat
1843 3916 2129 3993 adversa
2170 3918 2469 3992 fortuna.

643 4154 739 4227 Et
792 4156 1094 4253 profecto
1113 4216 1134 4246 ,
1204 4181 1381 4256 quae
1438 4157 1528 4231 sit
1586 4157 1985 4233 mortalium
2044 4155 2415 4255 prudentia
2463 4154 2768 4230 ostendit
2817 4161 3142 4245 eventuS,
3206 4153 3330 4254 qui
3371 4155 3576 4253 longe

550 4271 860 4346 diversus
928 4276 1015 4347 ab
1085 4275 1296 4349 huius
1368 4276 1857 4373 sapientissimi
1932 4276 2059 4351 viri
2132 4275 2550 4349 divinatione
2612 4275 2897 4351 exstitit.
2997 4275 3238 4349 Rediit
3296 4276 3368 4348 in
3426 4275 3578 4374 ipso

551 4391 943 4466 discrimine
1002 4395 1332 4493 antiquus
1398 4397 1679 4471 Batavis
1726 4398 2041 4487 animus,
2088 4396 2498 4494 hostemque
2553 4397 2932 4494 superbum
2984 4421 3023 4469 e
3076 4395 3306 4469 media
3355 4393 3578 4491 patria

546 4513 841 4613 repulit,
906 4537 1065 4586 mox
1123 4515 1381 4590 finibus
1446 4517 1615 4614 ipsis
1682 4518 1899 4594 eiecit.
2020 4518 2323 4591 Exortus
2369 4525 2478 4591 est
2518 4517 2648 4591 hoc
2690 4516 2841 4614 ipso
2883 4514 3062 4588 bello
3108 4515 3573 4588 Gmmnmuus

544 4633 659 4708 ille
728 4632 1003 4707 Tertius
1026 4691 1049 4722 ,
1133 4635 1497 4734 sospitator
1567 4636 1839 4710 Patriae
1862 4694 1884 4725 ,
1944 4637 2267 4734 Europae
2345 4634 2596 4709 vindex
2616 4693 2636 4724 ‚
2719 4635 3088 4709 Lunovun
3157 4630 3569 4706 debellator:

550 4777 759 4850 quem
816 4779 977 4828 mox
1046 4754 1260 4830 classe
1307 4756 1571 4830 Batava
1618 4753 1986 4829 advectum
2038 4755 2474 4830 liberatorem
2529 4761 2602 4830 et
2648 4775 2885 4853 regem
2931 4750 3329 4827 Britanniae
3377 4752 3572 4828 'Pun-

550 4895 757 4950 PLIUS
809 4881 955 4948 erat
1002 4873 1374 4974 aliquando
1423 4874 1847 4950 salutaturus
1898 4874 2021 4966 οὅ).
