4934 6184
1762 693 2316 762 ORATIO.
3470 700 3553 769 91

620 903 924 1003 denique
979 903 1152 980 tales
1212 901 1570 979 continent
1625 903 1968 977 verborum
2033 905 2649 1002 sententiarumque
2664 962 2677 974 2
2692 903 3043 999 formulas
3060 961 3081 992 ‚
3132 903 3391 1003 quibus
3437 905 3551 995 id,

519 1023 714 1123 quod
745 1023 964 1100 voluit
998 1023 1382 1124 legislator,
1419 1047 1626 1122 saepe
1671 1021 1778 1096 vel
1793 1047 2048 1119 parum
2091 1029 2410 1098 accurato
2441 1021 2553 1097 vel
2586 1047 2833 1122 parum
2873 1031 3167 1100 correcto
3210 1049 3549 1117 sermon&

521 1152 909 1340 algu&
926 1262 1154 1338 tribus
1197 1259 1406 1336 vitiis·
1433 1260 1795 1360 patiamini
1844 1268 1924 1336 ut
1967 1260 2208 1364 paucis
2257 1284 2462 1361 agam
2484 1317 2505 1349 ‚
2554 1259 2643 1334 de
2686 1261 2908 1337 officio
2953 1269 3109 1338 tum
3157 1263 3552 1363 interpretis

519 1393 676 1459 tum
725 1381 1136 1484 legislatoris
1176 1381 1278 1458 ita
1323 1389 1598 1482 promta
1623 1389 2017 1482 parataque
2064 1383 2196 1457 erit
2245 1380 2524 1458 dicendi
2570 1381 3073 1481 opportunitas.

627 1739 984 1816 (lodicibus
1031 1743 1282 1816 nostris
1335 1765 1468 1815 non
1531 1765 1792 1840 semper
1851 1744 2274 1818 cooztinentur
2338 1766 2505 1816 vera
2552 1746 2759 1840 atque
2795 1743 3099 1839 yenuina
3149 1745 3325 1820 iuris
3349 1748 3553 1844 prin·

518 1863 722 1958 capia.
823 1861 1074 1961 Neque
1115 1859 1408 1936 mirum!
1499 1862 1718 1938 Modo
1758 1888 1800 1937 e
1839 1862 2196 1938 codicibus
2243 1859 2591 1938 Francicis
2630 1859 2973 1961 descripta
2992 1920 3013 1952 ‚
3064 1862 3273 1939 modo
3316 1887 3359 1940 e
3399 1864 3553 1941 fon·
3648 1855 3657 1862 ⁰

517 1977 710 2054 tibus
769 1979 944 2054 iuris
993 1981 1202 2081 patrii
1247 1981 1520 2081 antiqui
1567 1982 1930 2082 depromta
1977 1990 2144 2058 sunt
2191 1982 2362 2057 iuris
2412 1979 2700 2080 placite:
2753 1981 2885 2056 hoc
2945 1982 3233 2080 quidem
3292 1984 3553 2061 delibe-

517 2107 666 2176 rato
727 2101 1080 2201 proposito
1095 2160 1116 2192 ‚
1183 2108 1396 2202 atque
1454 2101 1528 2177 in
1591 2102 1764 2178 iuris
1820 2101 2316 2178 Nederlandici
2375 2100 2652 2200 insigne
2703 2125 2907 2201 saepe
2960 2101 3552 2195 emolumentum;

516 2220 690 2296 illud
754 2245 912 2296 vero
971 2228 1054 2296 ut
1115 2222 1258 2298 fors
1318 2222 1620 2298 subinde
1675 2223 1979 2313 ferebat,
2028 2248 2118 2298 ne
2171 2222 2366 2298 locus
2402 2220 2577 2296 iuris
2618 2221 2693 2296 in
2736 2221 3092 2300 codicibus
3136 2225 3391 2302 nostris
3434 2225 3555 2302 de-

517 2348 696 2416 esset
713 2400 734 2431 ,
802 2341 926 2440 qui
984 2341 1058 2418 in
1122 2342 1484 2420 codicibus
1531 2344 1880 2419 Francicis
1941 2342 2280 2419 exstabat.
2381 2340 2659 2421 Quodsi
2711 2341 2825 2416 hic
2886 2342 3079 2418 locus
3128 2351 3313 2420 essct
3356 2345 3515 2421 talis
3535 2405 3557 2437 ‚
3636 2433 3639 2437 ,
3736 2315 3741 2318 ¹

516 2460 602 2536 de
672 2487 811 2561 quo
879 2462 1048 2538 scite
1113 2463 1632 2564 prudenterque
1689 2463 1882 2564 leges
1942 2463 2370 2563 conscriptae
2429 2469 2627 2538 erant
2676 2486 2721 2537 a
2768 2463 3289 2541 Franco-Gallis
3304 2523 3327 2556 ‚
3378 2465 3559 2542 bene

517 2605 798 2682 queque
844 2582 1273 2683 feliciterque
1317 2583 1398 2658 id
1447 2582 1820 2684 legislatori
1866 2591 2104 2658 nostro
2151 2581 2378 2658 cessit.

611 2701 726 2778 Ita
791 2703 1240 2802 probabiliter
1309 2703 1386 2778 in
1461 2703 1631 2778 artis
1691 2687 1994 2778 'formam
2047 2701 2328 2776 redacta
2398 2705 2567 2775 sunt
2634 2725 2719 2776 ea
2784 2699 2953 2774 iuris
3016 2697 3271 2800 placita
3287 2761 3311 2792 ‚
3378 2727 3559 2804 quae

515 2818 959 2919 quaestiones
1009 2826 1323 2922 spectant
1374 2828 1588 2920 atque
1629 2820 1802 2895 iuris
1854 2820 2008 2896 loca
2047 2819 2124 2894 in
2164 2820 2320 2919 ipsa
2361 2843 2596 2894 rerum
2635 2819 3073 2919 politicarum
3118 2823 3557 2900 conversione

514 2940 650 3016 sub
711 2941 924 3015 finem
987 2939 1360 3040 superioris
1426 2939 1685 3015 sacculi
1747 2939 2013 3040 agitata
2026 2997 2050 3028 ‚
2117 2963 2279 3014 cum
2334 2937 2613 3014 iuribus
2664 2937 2925 3015 civium
2982 2948 3199 3039 at‘que
3254 2941 3559 3020 familiae

509 3059 945 3134 cohaerentia
964 3116 985 3149 ‚
1035 3069 1250 3160 atque
1289 3059 1364 3133 in
1410 3057 1670 3134 Codice
1707 3057 2208 3158 Napoleontico
2245 3057 2388 3132 iam
2431 3058 2599 3132 satis
2642 3066 2829 3134 recte
2860 3059 3223 3159 descripta.
3296 3061 3561 3139 Patria

508 3185 748 3254 tamen
765 3185 1076 3276 potestas
1117 3179 1226 3255 vel
1273 3178 1374 3253 sic
1389 3235 1410 3266 ,
1457 3176 1684 3276 magis
1720 3201 1936 3277 quam
1979 3203 2104 3277 par
2123 3245 2130 3254 ,
2147 3184 2295 3252 erat
2309 3235 2331 3267 ‚
2375 3177 2486 3250 vel
2530 3176 3049 3278 circumscripta
3083 3180 3192 3256 vel
3237 3180 3545 3271 sublata;

509 3297 704 3373 nulla
762 3298 938 3375 adeo
995 3299 1432 3374 saber-edatio
1491 3296 1846 3396 permissa.
1945 3297 2176 3372 Locus
2245 3302 2483 3372 autem
2544 3299 2631 3371 de
2674 3300 2825 3373 iure
2871 3300 3123 3374 dotium
3170 3307 3245 3375 et
3294 3300 3383 3377 de
3431 3304 3551 3378 ab·

512 3418 808 3493 sentibus
856 3417 1048 3493 haud
1091 3442 1234 3521 uuo
1277 3415 1562 3492 nomine
1610 3416 2070 3515 amplificatus
2119 3422 2226 3492 est
2269 3423 2342 3490 et
2389 3416 2821 3493 emendatus,
2940 3419 3314 3495 commemio
3355 3423 3551 3498 bono-

513 3563 660 3612 rum
693 3545 1045 3638 pactaque
1089 3537 1428 3638 nuptialia
1474 3559 1517 3610 e
1562 3534 1874 3612 moribus
1922 3537 2174 3612 nostris
2213 3537 2556 3638 explicate.
2596 3537 2881 3612 fuerunt
2924 3545 2997 3613 et
3042 3539 3117 3614 in
3162 3542 3553 3620 absentibus

515 3654 804 3730 cessavit
847 3653 1274 3756 perabsurda
1313 3653 1488 3727 iuris
1530 3653 1845 3730 Francici
1878 3654 2067 3730 fictio
2081 3713 2102 3743 ,
2151 3680 2308 3756 qua*
2331 3655 2587 3731 absens
2630 3681 2859 3756 neque
2878 3715 2898 3746 ,
2940 3664 3023 3731 ut
3056 3658 3201 3734 fato
3230 3661 3511 3736 functus
3526 3720 3548 3751 ,

515 3773 746 3850 locum
785 3773 1178 3849 viventibus
1215 3773 1458 3850 cedere
1473 3830 1494 3861 ,
1543 3796 1770 3873 neque
1788 3832 1810 3864 ‚
1851 3784 1933 3849 ut
1973 3775 2288 3849 nondum
2329 3782 2650 3850 mortuus
2666 3833 2686 3864 ,
2720 3801 2884 3851 cum
2928 3777 3041 3852 his
3073 3779 3164 3852 ed
3207 3779 3549 3855 heredita-

517 3901 664 3970 tem
713 3893 1186 3970 admittendus
1232 3892 1664 3969 censebatur.
2645 3889 2655 3894 “

553 4077 557 4082 .
617 4014 912 4093 Quoties
967 4039 1128 4090 vero
1188 4014 1278 4088 de
1334 4012 1630 4111 negotiis
1691 4013 2043 4112 agendum
2097 4021 2282 4088 esset
2335 4013 2517 4089 inter
2569 4011 2885 4088 homines
2934 4015 3165 4091 obviis
3181 4073 3203 4104 ,
3252 4025 3549 4116 quorum

517 4141 768 4210 natura
811 4158 956 4208 nou
1003 4134 1104 4210 ita
1153 4135 1359 4232 plane
1407 4132 1666 4232 pendet
1707 4158 1752 4206 a
1794 4131 2089 4233 politicis
2133 4133 2659 4233 quaestionibus
2712 4132 3075 4234 turbisque
3093 4194 3113 4225 ‚
3163 4136 3367 4237 longe
3415 4140 3543 4214 mi·

427 4237 434 4244 ¹
517 4280 646 4333 nor
705 4254 1278 4330 animadvertitur
1347 4254 1754 4354 legislatoris
1808 4263 1964 4329 tum
2012 4255 2561 4331 Franco-Gallici
2610 4262 2765 4330 tum
2816 4256 3307 4334 Nederlandici
3358 4281 3549 4332 cura.

521 4371 860 4474 Exemplo
913 4374 1006 4448 sit
1059 4373 1510 4474 gravissimus
1555 4375 1832 4475 lateque
1881 4383 2130 4474 patens
2179 4375 2352 4450 iuris
2397 4377 2623 4465 locus,
2672 4376 2799 4474 qui
2842 4383 2948 4450 est
2994 4378 3079 4451 de
3120 4378 3543 4475 obliyationi-

473 4565 482 4576 .
521 4499 658 4572 bus.
759 4495 902 4570 Hic
951 4495 1302 4594 legislator
1348 4503 1582 4572 noster
1633 4495 1978 4570 Gallicum
2047 4495 2302 4596 pressis
2373 4495 2683 4594 vestigiis
2732 4495 3079 4593 sequitur,
3138 4495 3254 4568 ille
3306 4503 3543 4569 autem

519 4615 788 4694 felicem
841 4637 916 4690 se
964 4615 1456 4715 praedicaverit
1497 4624 1766 4716 oportet
1784 4673 1804 4703 ,
1854 4615 2046 4714 quod
2089 4616 2489 4688 Porumsn
2534 4615 2627 4687 de
2670 4613 2821 4686 iure
2862 4612 3046 4686 civili
3096 4619 3429 4688 tractatus
3470 4614 3545 4690 in

521 4734 751 4811 theses
793 4735 1108 4835 redigere
1149 4737 1214 4812 ei
1257 4737 1547 4812 licuerit.
1645 4737 1740 4810 Et
1779 4735 2116 4810 attendite
2149 4757 2406 4832 quaeso
2422 4791 2444 4823 ‚
2494 4755 2673 4831 quae
2701 4729 2863 4804 hinc
2890 4730 2963 4804 in
2988 4739 3281 4832 utroque
3308 4735 3545 4812 codice

521 4856 860 4954 exstiterit
920 4856 1200 4932 dicendi
1249 4854 1770 4955 disserendique
1823 4852 2335 4929 dissimilitudo.
2433 4849 2895 4929 Definitiones
2936 4850 3551 4954 distinctionesque

2922 4973 3013 5047 12
3030 4971 3072 5019 ¹*
