4934 6184
1819 633 2387 736 ,onAr1o.
3493 641 3622 708 rm

601 850 963 924 sensimus.
1066 849 1372 949 Tempus
1432 850 1777 926 eiusmodi
1840 852 2141 928 dolorem
2195 875 2334 926 non
2391 848 2604 936 tollit,
2671 847 2794 922 sed
2851 848 3062 921 lenire
3117 847 3360 922 saltem
3407 845 3624 934 solet,

602 970 790 1067 quod
852 977 929 1043 ut
999 968 1129 1043 tibi
1195 992 1472 1068 quoque
1529 971 1886 1071 contingat
1942 979 2284 1071 optamus.
2381 969 2469 1043 Id
2533 969 2593 1042 si
2645 967 2910 1043 factum
2955 966 3162 1041 fuerit
3180 1023 3201 1054 ‚
3249 966 3627 1042 recordatio

601 1089 751 1162 eius
806 1087 931 1162 filii
994 1086 1126 1161 tibi
1190 1086 1345 1175 fiet,
1412 1111 1610 1186 spero
1631 1146 1652 1175 ,
1716 1088 2056 1177 iucunda,
2125 1111 2425 1186 eumque
2489 1085 2618 1162 tibi
2679 1085 3224 1186 repraesentabis
3282 1085 3504 1183 qualis
3553 1087 3626 1160 in

602 1209 729 1283 hac
792 1215 975 1280 terra
1034 1205 1277 1294 fuerit,
1336 1213 1411 1280 et
1461 1231 1791 1308 agnosces
1842 1232 2005 1282 eum
2050 1208 2141 1283 ad
2190 1209 2567 1282 beatiorem
2617 1215 2870 1282 sortem
2921 1213 3282 1282 evocatum
3333 1203 3548 1280 fuisse
3587 1229 3630 1279 a

604 1350 878 1401 summo
951 1349 1187 1418 rerum
1258 1325 1573 1402 omnium
1637 1327 2075 1404 Moderatore
2094 1387 2113 1415 ,
2194 1328 2269 1401 in
2343 1327 2544 1401 cuius
2611 1325 2902 1402 decretis
2953 1325 3394 1424 acquiescens
3454 1324 3632 1398 bene

604 1471 767 1522 cum
820 1469 903 1518 eo
948 1453 1179 1520 actum
1231 1469 1383 1520 esse
1426 1446 1749 1522 confides.
3503 1459 3512 1468 ‘

706 1566 817 1640 'I'u
882 1587 1161 1662 quoque
1224 1564 1503 1664 lugubri
1566 1591 1809 1642 rursus
1878 1573 2065 1643 veste
2108 1567 2399 1640 indutus
2442 1591 2516 1640 es
2544 1625 2562 1653 ‚
2609 1566 2827 1640 amice
2879 1565 3138 1664 collega
3191 1587 3339 1638 vAN
3391 1565 3633 1638 ΗΑΒ».

610 1685 813 1759 Brevi
880 1684 1205 1783 temporis
1259 1684 1615 1762 intervallo
1680 1688 1819 1762 duo
1884 1686 2013 1759 tibi
2079 1685 2276 1760 liberi
2350 1685 2608 1760 sublati
2661 1685 2964 1760 fuerunt.
3067 1686 3322 1760 Adhuc
3372 1685 3640 1786 lugenti

610 1812 903 1880 mortem
964 1804 1091 1878 filii
1162 1812 1333 1880 natu
1392 1805 1667 1882 minimi
1740 1830 1924 1883 mors
1994 1806 2279 1881 sustulit
2341 1805 2507 1892 tibi,
2579 1805 2774 1880 uxori
2793 1862 2813 1893 ‚
2879 1803 3178 1880 familiae
3231 1813 3392 1880 tuae
3445 1812 3641 1880 tuam

610 1925 823 1998 filiam
886 1923 1331 2000 carissimam.
1433 1926 1657 2001 Cuius
1710 1925 1985 2000 animus
2050 1949 2189 1998 non
2236 1923 2796 1998 commovebatur
2861 1923 2996 1998 isto
3043 1923 3356 1998 nuntio?
3427 1923 3640 1998 Novi-

610 2069 771 2118 mus
825 2051 891 2116 te
936 2066 1076 2117 non
1134 2042 1438 2119 dolorem
1491 2045 1721 2121 fovere
1771 2052 1850 2119 ut
1906 2044 2045 2131 illi,
2100 2043 2355 2142 quibus
2404 2067 2560 2143 spes
2605 2041 2799 2116 nulla
2839 2043 3180 2141 supersit3
3231 2067 3370 2117 non
3418 2041 3647 2141 potuit

609 2187 746 2238 non
805 2161 1137 2260 cogitatio
1188 2171 1393 2238 tuum
1464 2164 1773 2240 animum
1832 2165 2103 2254 subire,
2153 2187 2403 2262 corpus
2450 2162 2738 2238 mortale
2785 2170 3061 2237 tantum
3107 2163 3529 2238 exstinctum
3577 2169 3648 2235 et

611 2293 826 2356 terrae
898 2278 1307 2357 mandatum
1369 2307 1520 2358 esse
1538 2341 1559 2371 ‚
1634 2307 1991 2383 superesse
2062 2309 2288 2382 neque
2358 2305 2668 2382 unquam
2729 2282 3149 2356 exstinctum
3199 2281 3284 2354 iri
3332 2280 3648 2356 animum

614 2400 1092 2477 immortalem.
1194 2399 1394 2476 Haec
1460 2411 1791 2501 reputans
1854 2411 1929 2475 et
1986 2403 2268 2476 Numen
2340 2401 2488 2474 sine
2541 2424 2681 2500 quo
2748 2400 2924 2473 nihil
2997 2399 3199 2473 nobis
3263 2399 3648 2499 contingit,

615 2520 999 2620 suspiciens
1021 2577 1039 2608 ,
1105 2519 1339 2596 fateris
1398 2545 1577 2621 quae
1631 2546 1674 2595 a
1734 2522 1885 2597 Deo
1944 2520 2147 2596 nobis
2202 2519 2526 2596 accidunt
2569 2519 2752 2594 bona
2801 2542 2952 2594 esse
2974 2576 2995 2607 ,
3045 2519 3363 2616 quamvis
3409 2517 3655 2593 acerba

618 2639 1003 2713 videantur.

717 2755 913 2834 Quid
957 2755 1089 2831 tibi
1136 2757 1399 2848 dicam,
1444 2759 1837 2836 Hacxnan!
1901 2761 2111 2835 Anno
2158 2768 2321 2834 ante
2365 2759 2597 2859 ipsum
2643 2760 2828 2834 hunc
2885 2758 3070 2834 diem
3114 2758 3189 2832 in
3240 2758 3413 2833 urbe
3459 2756 3655 2832 dirus

622 2873 1067 2974 grassabatur
1120 2876 1407 2952 morbus
1424 2937 1445 2966 ,
1501 2878 1627 2978 qui
1664 2878 1909 2954 eodem
1952 2902 2172 2978 paene
2220 2892 2530 2978 tempore
2577 2878 2820 2954 ambos
2874 2886 3034 2953 tuos
3079 2901 3358 2976 quoque
3407 2876 3702 2952 liberos«

623 2993 1008 3092 prehendit.
1103 2996 1275 3086 Post
1338 3022 1595 3098 paucos
1659 2996 1901 3102 breves
1960 2999 2107 3074 dies
2130 3059 2148 3089 ,
2216 2999 2339 3074 sed
2392 2999 2516 3098 qui
2582 3024 2745 3098 prae
2811 3004 3008 3073 metu
3075 2996 3266 3097 longi
3315 2995 3448 3070 tibi
3495 2996 3662 3070 facti

632 3113 928 3200 fuerint,
974 3114 1207 3189 reditu
1248 3115 1339 3190 ad
1384 3115 1745 3192 sanitatem
1791 3115 2041 3191 filiolae
2078 3123 2241 3192 tuae
2286 3116 2642 3217 gaudebas
2663 3176 2684 3208 ,
2720 3118 2843 3192 sed
2879 3117 3217 3216 gaudium
3254 3115 3431 3193 illud
3469 3115 3662 3189 brevi

628 3229 1203 3330 exstinguebatur
1239 3257 1457 3332 paene
1495 3234 1753 3336 insigni
1792 3237 2059 3326 dolore,
2100 3261 2309 3336 quom
2353 3237 2480 3312 filii
2521 3237 2626 3312 tui
2667 3237 2904 3312 obitus
2938 3236 3070 3310 tibi
3109 3235 3366 3310 attulit.
3433 3234 3662 3309 Nemo

626 3351 761 3426 fuit
779 3409 797 3440 ,
848 3375 1059 3449 quem
1106 3375 1243 3428 non
1291 3355 1604 3431 miseruit
1650 3355 1866 3431 tristis
1902 3356 2066 3446 fati3
2116 3356 2238 3432 sed
2278 3357 2469 3456 quod
2509 3357 2962 3433 lenimentum
2985 3413 3005 3444 ‚
3054 3397 3166 3422 -,
3191 3354 3464 3430 etiamsi
3508 3356 3664 3430 nul-

629 3472 775 3546 lum
826 3471 901 3544 id
946 3495 1097 3546 esse
1151 3497 1291 3548 non
1330 3475 1704 3551 affirmabis
1722 3535 1749 3565 ‚
1791 3519 1893 3538 -
1933 3476 2125 3576 quod
2143 3535 2164 3564 ,
2228 3476 2516 3576 inquam
2534 3535 2554 3567 ,
2621 3478 3076 3554 lenimentum
3110 3484 3218 3553 est
3257 3477 3435 3552 tanti
3473 3476 3661 3551 dolo-

627 3591 721 3664 ris
763 3591 836 3665 in
893 3593 1272 3668 amicorum
1314 3595 1957 3671 commiseratione?
2005 3639 2105 3656 -
2152 3598 2397 3675 Quum
2437 3596 2631 3672 brevi
2667 3604 2826 3694 post
2875 3596 3208 3672 vocareris
3245 3594 3336 3670 ad
3369 3619 3662 3683 munus,

631 3734 773 3806 quo
858 3709 996 3783 iam
1066 3711 1379 3810 fungeris
1398 3770 1418 3801 ‚
1492 3713 1753 3788 laetitia
1828 3714 1921 3787 de
1996 3738 2281 3787 munere
2350 3714 2484 3787 tibi
2555 3713 2882 3788 mandato
2948 3713 3090 3786 fere
3147 3712 3665 3786 obtundebatur

633 3827 863 3901 dolore
907 3850 948 3899 e
992 3829 1175 3904 malo
1228 3830 1421 3930 quod
1466 3831 1860 3931 nuperrime
1906 3854 2275 3931 perpessus
2316 3855 2467 3905 eras
2509 3840 2579 3906 et
2621 3839 2854 3906 tamen
2889 3831 3126 3931 ipsum
3159 3830 3336 3906 illud
3369 3853 3628 3904 munus
3645 3889 3664 3918 ‚

632 3947 722 4021 ad
789 3945 1019 4022 studia
1082 3957 1206 4025 tua
1282 3958 1529 4050 sponte
1588 3957 1658 4026 te
1722 3950 2103 4027 revocando
2120 4009 2141 4040 ‚
2210 3950 2520 4026 avocavit
2565 3957 2868 4025 mentem
2913 3976 2956 4026 a
3001 3949 3278 4025 tristitia
3293 4008 3318 4042 ,
3399 3973 3540 4050 qua
3577 3973 3666 4025 ne

635 4066 1117 4165 opprimeretis
1186 4069 1328 4144 fere
1400 4071 1799 4147 metuimus.
1864 4113 1963 4132 ·-
2030 4074 2451 4148 Avertantur
2531 4070 2604 4144 in
2677 4077 3034 4170 posterum
3055 4129 3076 4160 ‚
3144 4094 3230 4146 ex
3291 4070 3524 4146 animo
3593 4068 3670 4143 id

638 4191 891 4283 exopto
912 4243 931 4272 ‚
995 4210 1038 4259 a
1105 4195 1175 4261 te
1196 4247 1217 4276 ,
1288 4215 1329 4264 a
1391 4189 1586 4266 vobis
1657 4190 1983 4267 omnibus
2051 4199 2195 4268 tam
2262 4189 2492 4268 acerbi
2560 4213 2761 4266 casus
2827 4199 2898 4264 et
2950 4189 3162 4266 vitam
3226 4213 3538 4265 securam
3595 4196 3668 4260 et

638 4303 947 4399 quietam
993 4303 1067 4379 in
1116 4315 1469 4410 posterum
1517 4311 1779 4409 agatis!

738 4423 1049 4499 Tandem
1076 4425 1169 4501 ad
1198 4449 1317 4501 vos
1338 4450 1453 4504 me
1478 4439 1799 4504 converto
1816 4488 1837 4517 ,
1874 4431 2171 4506 Iuvenes
2193 4429 2652 4519 ornatissimi,
2682 4429 2892 4504 huius
2919 4425 3335 4502 Academiae
3361 4424 3663 4500 alumni!

736 4543 887 4617 Iam
940 4544 1315 4620 memoravi
1358 4569 1638 4646 gravem
1686 4549 1954 4624 luctum
1971 4607 1991 4637 ,
2039 4572 2179 4649 quo
2217 4549 2348 4622 hoc
2394 4572 2582 4622 anno
2628 4547 2864 4622 afflicti
2912 4545 3142 4619 fuistis
3191 4553 3408 4619 morte
3457 4543 3666 4619 unius

646 4669 1023 4738 vestrorum
1086 4667 1667 4742 commilitonum:
1754 4668 1952 4741 Inter
1996 4690 2117 4741 vos
2158 4673 2265 4741 tot
2312 4665 2751 4741 intercedunt
2797 4663 3190 4740 eommunia
3212 4722 3233 4753 ‚
3295 4687 3476 4763 quae
3521 4664 3666 4738 vin·

641 4777 953 4854 culorum
996 4781 1214 4858 instar
1258 4793 1463 4872 sunt,
1538 4784 1795 4884 quibus
1846 4784 2027 4858 inter
2070 4806 2187 4859 vos
2234 4783 2741 4884 coniungimini
2785 4794 2865 4861 ut
2905 4806 3148 4861 omnes
3191 4783 3504 4861 sentiatis
3525 4840 3546 4874 ,
3611 4787 3671 4860 si
