4934 6184
1339 673 1468 739 236
2421 671 2491 736 C.
2558 671 2639 736 M.
2710 671 3296 736 FRANCKEN

1347 887 1786 972 annumeres)
1839 899 2086 977 puram
2131 875 2475 954 habemus
2516 887 2589 954 et
2634 887 2887 954 tersam
2930 877 3381 954 latinitatem
3400 934 3421 965 ,
3468 878 3661 952 omni
3706 889 3995 956 ornatus
4038 887 4369 981 tanquam

1349 1007 1536 1074 veste
1594 997 1900 1072 detracta
1912 1029 1933 1085 ;
1995 995 2342 1072 Sumam
2399 996 2709 1074 obsoleta
2765 997 2973 1074 verba
3024 996 3299 1074 facilius
3346 995 3507 1095 quis
3552 996 3797 1074 vitabit
3816 1055 3839 1088 ,
3882 1023 4097 1099 quam
4146 1003 4367 1078 conci·

1341 1141 1491 1192 sam
1539 1115 2003 1192 aemulabitur
2050 1114 2497 1207 brevitatem3
2546 1119 2807 1194 Livms
2852 1118 2914 1194 si
2959 1115 3241 1219 propter
3276 1115 3809 1194 Patavinitatem
3850 1129 4131 1196 notatus
4176 1131 4281 1198 est
4322 1148 4365 1197 a

1301 1249 1324 1264 ·
1339 1237 1740 1324 Pomona,
1789 1243 1936 1312 tam
1979 1243 2088 1311 est
2127 1235 2505 1314 obscurum
2550 1239 2679 1318 hoc
2722 1238 3017 1328 crimen,
3065 1243 3149 1313 ιιι
3184 1235 3519 1314 coniicere
3566 1245 3845 1314 tantum
3890 1260 4031 1314 non
4073 1249 4365 1318 statuere

1344 1356 1432 1430 de
1485 1380 1568 1430 οο
1607 1355 1830 1431 liceat.
1949 1355 2156 1432 Unus
2215 1363 2450 1436 autem
2500 1361 2853 1447 Tacirus,
2900 1357 3035 1434 etsi
3086 1356 3413 1432 seribenti
3466 1379 3609 1430 non
3660 1365 3771 1432 est
3808 1357 4227 1446 imitandus,
4262 1361 4365 1434 ni·

1341 1475 1506 1551 hilo
1547 1475 1778 1550 minus
1843 1475 2180 1576 legendus
2245 1483 2356 1552 est
2425 1482 2499 1548 et
2562 1471 2805 1548 sedulo
2852 1470 3395 1604 pertractandus.
3491 1469 3813 1546 Praestat
3864 1472 4053 1548 enim
4108 1472 4369 1572 aliquid

1343 1595 1596 1696 poetici
1635 1595 1876 1670 coloris
1931 1595 2371 1685 contrahere,
2413 1617 2635 1730 ‘quam
2686 1593 2889 1668 illum
2940 1615 3077 1666 non
3126 1589 3421 1664 novisse.
3520 1588 3831 1664 Omnino
3878 1591 4179 1668 Romani
4234 1593 4369 1668 his—

1339 1713 1672 1790 toriarum
1731 1713 2094 1815 scriptores
2155 1722 2352 1790 tanta
2407 1715 2484 1788 in
2550 1711 3005 1810 descriptione
3064 1708 3409 1784 excellunt
3452 1716 3526 1782 et
3572 1709 4061 1810 perspicuitate
4106 1720 4181 1786 et
4220 1711 4371 1786 bre·

1341 1831 1552 1908 vitate
1569 1890 1590 1922 ,
1641 1839 1788 1908 tam
1841 1833 2020 1908 clare
2069 1833 2547 1910 Romanorum
2598 1855 2711 1906 res
2756 1829 2833 1904 in
2892 1829 3145 1904 illustri
3202 1827 3463 1927 poeitae
3508 1837 3959 1904 monumento
4004 1829 4375 1906 intuendas

1343 1953 1516 2027 dant
1533 2011 1553 2040 ,
1623 1961 1704 2026 ut
1761 1952 1824 2028 si
1863 1953 2040 2028 nihil
2075 1977 2118 2028 e
2161 1951 2523 2052 naufragio
2564 1951 2945 2026 litterarum
2988 1955 3259 2050 praeter
3305 1947 3435 2022 hos
3476 1949 3659 2022 es‘set
3700 1957 4041 2026 servatum
4064 2010 4085 2039 ‚
4140 1961 4371 2027 tamen

1339 2072 1662 2148 Latinam
1705 2072 2020 2170 linguam
2061 2071 2384 2150 didicisse
2425 2071 2779 2150 neminem
2814 2067 3166 2169 poenitere
3208 2066 3511 2142 deberet.

1439 2194 1538 2266 At
1595 2199 1958 2291 poetarum
2013 2191 2424 2267 Latinorum
2469 2214 2677 2288 opera
2696 2249 2717 2278 ‚
2778 2187 3029 2264 dixerit
3082 2186 3333 2288 aliquis
3354 2245 3375 2274 ‚
3418 2195 3690 2264 constat
3732 2213 3773 2262 e
3818 2191 4095 2264 Graecis
4138 2191 4371 2266 imita-

1345 2311 1531 2384 tione
1575 2335 1900 2409 expressa
1947 2335 2122 2386 esse.
2221 2311 2409 2398 Scio,
2459 2310 2621 2388 ΑΛ.
2686 2311 2817 2384 Est
2860 2309 3031 2387 haec
3078 2316 3277 2384 vetus
3320 2333 3551 2407 neque
3590 2307 3845 2384 iniusta
3884 2335 4159 2408 prorsus
4178 2369 4197 2399 ,
4242 2313 4368 2386 sed
4428 2369 4437 2376 .

1343 2428 1550 2504 nimis
1619 2428 1985 2504 decantata
2047 2427 2453 2505 criminatio.
2574 2429 2836 2517 Miror,
2904 2428 3029 2528 qui
3089 2428 3219 2504 hoc
3274 2428 3367 2504 ad
3428 2453 3759 2504 nauseam
3824 2437 4133 2530 repetant
4152 2491 4173 2520 ‚
4230 2457 4371 2506 non

1343 2548 1659 2646 protinus
1717 2547 2024 2622 Raoiiui
2067 2547 2342 2624 fabulas
2360 2606 2382 2637 ,
2447 2550 2771 2624 Gon-1111
2824 2546 3265 2648 Iphigeniam
3314 2547 3631 2623 abiicere.
3732 2549 3811 2622 Si
3854 2549 4015 2648 quis
4068 2551 4377 2651 egregios

1341 2677 1578 2766 poetas
1620 2675 1960 2746 nocturna
1999 2691 2268 2743 versare
2311 2691 2567 2758 manu,
2615 2691 2885 2748 versare
2946 2667 3197 2743 diurna
3258 2666 3473 2757 solet,
3516 2668 3667 2742 fleri
3710 2692 3851 2742 non
3894 2677 4162 2768 potest,
4210 2671 4377 2769 quin

1339 2789 1562 2862 multa
1627 2787 1956 2863 scribenti
2003 2787 2214 2864 etiam
2263 2787 2483 2863 invito
2538 2795 2611 2864 et
2664 2787 2883 2864 inscio
2944 2811 3021 2862 se
3076 2786 3407 2876 offerant,
3468 2811 3651 2886 quae
3700 2789 3837 2862 etsi
3880 2797 4047 2864 sunt
4090 2789 4181 2864 ab
4226 2790 4377 2864 aliis

1339 2906 1644 3006 profecta
1663 2965 1686 2995 ,
1741 2907 1843 2983 ita
1899 2915 2136 2983 tamen
2199 2907 2342 2982 sint
2393 2915 2681 2998 novata,
2748 2914 2828 2984 ut
2886 2907 3163 3008 propria
3218 2906 3403 2982 illius
3452 2906 3593 2982 dici
3642 2907 3953 3008 possint,
4000 2917 4077 2984 et
4124 2911 4377 2984 recenti

1337 3028 1560 3102 nitore
1609 3027 1913 3128 spirent,
1967 3027 2157 3103 unde
2220 3027 2599 3128 perexigua
2652 3027 2881 3104 laudis
2936 3051 3095 3126 pars
3149 3027 3242 3103 ad
3286 3027 3593 3126 primum
3640 3028 4071 3104 inventorem
4118 3029 4373 3105 redeat.

1339 3147 1504 3222 Illos
1569 3147 1857 3237 mirere,
1923 3147 2048 3248 qui
2103 3170 2330 3246 quum
2387 3171 2613 3249 aequo
2672 3147 2907 3224 animo
2944 3146 3209 3234 ferant,
3258 3145 3670 3222 recentiores
3710 3147 4017 3222 carmina
4066 3148 4375 3224 refercire

1343 3267 1552 3341 rebus
1571 3325 1592 3355 ,
1659 3292 1836 3366 quas
1885 3267 2022 3368 ipsi
2085 3291 2475 3366 numquam
2530 3267 2889 3356 viderunt,
2953 3274 3037 3344 ut
3092 3266 3353 3342 scilicet
3416 3268 3927 3366 comparatione
3982 3268 4373 3368 ignotarum

1343 3409 1578 3460 rerum
1619 3410 1730 3460 res
1771 3409 1978 3486 saepe
2021 3385 2203 3460 visas
2247 3393 2324 3460 et
2365 3391 2571 3460 notas
2614 3385 2994 3473 illustrent,
3037 3384 3165 3460 hos
3204 3381 3460 3483 igitur,
3510 3384 3701 3483 quod
3740 3385 3949 3460 semel
3978 3385 4364 3462 Vmormus

1343 3504 1432 3578 de
1497 3527 1704 3580 seena
1757 3503 2342 3641 comparationem
2409 3502 2769 3592 sumserit,
2826 3502 3059 3580 nescio
3118 3528 3295 3602 quas
3356 3503 3737 3604 tragoedias
3786 3497 4097 3580 excitare.
4198 3507 4363 3581 Non

1277 3633 1288 3643 '
1341 3623 1748 3715 defendam,
1799 3625 1862 3700 si
1909 3624 2036 3724 qui
2085 3623 2226 3699 sint
2279 3617 2571 3724 pulchro
2620 3622 2697 3698 in
2742 3647 2947 3722 corpe
3004 3624 3227 3700 naevi.
3326 3623 3631 3698 Tantum
3682 3624 3977 3712 affirmo,
4028 3624 4089 3698 si
4130 3647 4361 3700 reeen-

1341 3745 1552 3820 tiores
1605 3751 1852 3846 poetae
1899 3751 2046 3819 tam
2114 3743 2460 3819 minutam
2506 3751 2581 3818 et
2626 3741 3061 3843 ingeniosam
3110 3742 3317 3818 crisin
3372 3743 3703 3832 subeant,
3762 3767 3971 3844 quam
4026 3743 4369 3819 veteribus

1219 3873 1232 3884 “
1341 3864 1452 3938 his
1499 3863 1866 3964 postremis
1905 3861 2110 3938 annis
2147 3861 2539 3939 adhibitam
2582 3887 2735 3938 esse
2772 3863 3125 3952 novimus,
3168 3863 3285 3938 vix
3332 3863 3555 3941 ullum
3594 3863 3947 3964 integrum
3982 3887 4363 3940 evasurum.

1337 3982 1536 4062 Quid
1582 4007 1742 4059 vero
1761 3985 1798 4058 Ρ
1861 3981 1924 4057 si
1987 3988 2272 4058 constat
2277 4039 2299 4070 ,
2359 3988 2602 4082 poetas
2656 3981 2947 4057 Latinos
3002 3981 3331 4057 orationis
3388 3991 3624 4060 tenore
3684 3993 3757 4058 et
3812 3992 4065 4059 ornatu
4112 3984 4363 4058 mirum

1338 4107 1686 4202 quantum
1732 4128 1778 4177 a
1829 4102 2114 4178 Graecis
2161 4101 2482 4178 differre?
2578 4097 2775 4182 Quid
2794 4159 2817 4192 ,
2865 4101 2928 4178 si
2966 4103 3383 4203 exemplaria
3401 4161 3423 4192 ,
3468 4127 3649 4203 quae
3690 4102 3783 4178 ob
3828 4103 4065 4178 oculos
4102 4103 4359 4178 habue-

1335 4218 1532 4312 runt,
1551 4246 1776 4324 paene
1799 4229 1948 4298 tota
1975 4220 2430 4298 interierunt?
2478 4222 2833 4298 Tamenne
2856 4222 3011 4298 illos
3034 4223 3411 4298 imitatores
3438 4223 3891 4324 negligendos
3916 4222 4359 4323 putabimus?

1427 4343 1642 4419 Plura
1701 4367 1884 4444 quae
1949 4340 2090 4422 dici
2137 4348 2426 4442 possent
2467 4341 2817 4442 prudens,
2882 4343 3035 4420 ΑΛ.
3054 4401 3077 4432 ,
3124 4344 3391 4418 omitto.
3490 4345 3741 4443 Neque
3800 4342 3985 4418 enim
4038 4365 4361 4442 praesens

1325 4464 1812 4565 opportunitas
1845 4463 2080 4540 omnia
2119 4469 2204 4539 ut
2241 4469 2653 4564 pertractem
2668 4520 2689 4552 ,
2733 4463 2999 4563 patitur
3010 4497 3033 4553 ;
3074 4472 3147 4538 et
3184 4463 3557 4540 dicendum
3594 4471 3809 4539 restat
3842 4461 3933 4536 de
3976 4461 4357 4538 litterarum

1321 4586 1734 4662 Latinarum
1797 4585 2032 4662 studio
2094 4583 2462 4685 philologis
2528 4592 2601 4659 et
2668 4584 2825 4660 utili
2886 4591 2959 4660 et
3022 4585 3424 4661 necessario.
3522 4585 3629 4660 Ac
3690 4606 3832 4657 non
3880 4607 4109 4658 carere
4158 4605 4359 4681 posse

1327 4731 1446 4780 eos
1498 4705 1786 4783 scientia
1831 4706 2106 4783 illarum
2147 4728 2420 4794 rerum,
2472 4729 2649 4804 quas
2690 4703 2843 4780 aliis
2886 4705 3027 4779 sint
3068 4703 3389 4780 tradituri
3432 4703 3539 4778 vel
3578 4701 4153 4788 commendaturi,
4196 4703 4349 4800 quis

1331 4823 1652 4902 dubitat?
1753 4827 1892 4902 Sed
1941 4835 2174 4904 tamen
2221 4826 2677 4928 negliguntur
2718 4851 2761 4900 a
2808 4824 3051 4902 multis
3094 4823 3357 4900 litterae
3402 4823 3726 4913 Latinae,
3766 4823 4002 4909 credo,
4042 4819 4225 4920 quod
4270 4821 4347 4894 in
