4934 6184
1406 673 1495 739 54
2447 743 2456 748 ,
2596 667 3237 736 s.J.PR1Ns

1402 879 1680 957 Codicis
1740 877 1930 952 fonte
1989 873 2309 952 hauriant
2375 879 2448 948 et
2518 899 2605 950 ex
2660 875 2813 976 ipso
2876 873 3125 974 optimi
3174 869 3551 948 Servatoris
3604 871 3895 972 eiusque
3942 872 4439 974 Apostolorum

1402 1024 1518 1076 ore
1554 1006 1906 1098 exceptam
1952 997 2042 1073 ad
2081 995 2420 1096 populum
2456 994 2681 1070 ferant
2720 993 3226 1069 Christianum.-
3315 991 3531 1073 Quod
3570 993 3661 1068 de
3700 993 4439 1086 Protestantium‚

1401 1119 1528 1218 qui
1571 1094 1940 1205 dicuntur,¹
2011 1125 2082 1191 et
2127 1114 2859 1191 Reformatorum
2910 1114 3085 1189 adeo
3134 1114 3481 1188 Ecclesiae
3526 1112 3822 1203 familia,
3892 1115 4239 1214 quidquid
4280 1143 4437 1192 con-

1402 1237 1751 1314 tradicunt
1811 1235 1966 1326 alii,
2037 1236 2140 1311 ita
2194 1235 2414 1323 valet,
2484 1242 2569 1308 ut
2628 1232 2795 1310 haec
2816 1294 2837 1324 ,
2907 1236 3143 1309 demta
3162 1292 3182 1321 ‚
3248 1258 3462 1333 quam
3522 1241 3801 1308 strenue
3855 1237 4320 1335 propugnavit
4368 1245 4439 1312 et

1402 1383 1543 1457 qua
1603 1357 1849 1432 merito
1909 1356 2246 1456 gloriatur
2263 1413 2282 1443 ,
2344 1355 2696 1454 cogitandi
2739 1353 3277 1453 explorandique
3321 1352 3641 1429 libertate
3665 1413 3685 1442 ,
3736 1351 3873 1429 sibi
3916 1356 4200 1454 suisque
4251 1356 4436 1457 prin-

1399 1477 1598 1579 cipiis
1665 1483 1978 1552 constare
2051 1499 2330 1576 prorsus
2389 1483 2713 1572 nequeat.
2812 1475 2963 1548 Nec
3004 1473 3307 1572 profecto
3350 1474 3809 1549 metuendum
3858 1481 4007 1563 est,
4057 1501 4149 1550 ne
4194 1476 4435 1575 religio

1397 1594 1552 1694 ipsa
1571 1653 1592 1685 ,
1649 1619 1862 1695 quam
1906 1595 2312 1694 profitemur
2331 1627 2358 1683 ,-
2405 1593 2799 1668 Christiana
2848 1593 3057 1667 huius
3110 1593 3449 1668 libertatis
3496 1593 3726 1669 abusu
3768 1593 4219 1670 labefactetur
4268 1621 4435 1695 quo-

1401 1713 1772 1791 dammodo
1833 1722 1904 1789 et
1963 1714 2152 1790 hisce
2215 1716 2290 1789 in
2357 1713 2557 1788 terris
2610 1713 2961 1812 exstingui
3007 1713 3247 1813 possit.
3346 1715 3478 1788 Est
3528 1713 3719 1790 enim
3757 1713 3991 1789 indole
4044 1739 4171 1790 sua
4226 1724 4435 1815 atque

1399 1833 1665 1934 origine
1726 1849 2008 1934 prorsus
2071 1834 2305 1909 divina
2361 1857 2667 1932 suaeque
2730 1834 2883 1934 ipsa
2952 1833 3332 1909 divinitatis
3384 1833 3457 1907 in
3520 1829 3771 1909 animis
3822 1834 4189 1910 hominum
4240 1835 4437 1911 testis

1401 1961 1614 2053 atque
1678 1953 1951 2030 vindex.
2075 1954 2302 2030 nVera
2351 1954 2527 2030 fides
2572 1963 2761 2028 amat
2802 1955 3191 2030 libertatem
3212 1956 3287 2042 ,'’
3348 1954 3448 2030 ita
3498 1953 3641 2028 iam
3683 1959 3845 2028 ante
3898 1953 4033 2028 tria
4080 1954 4314 2029 secula
4364 1961 4435 2028 et

1400 2073 1700 2172 amplius
1759 2071 2388 2172 praestantissimus
2448 2076 2801 2149 Auennus
2852 2076 3180 2150 Manum
3199 2133 3219 2163 ,
3280 2075 3393 2150 cui
3410 2133 3431 2164 ,
3492 2097 3634 2172 quo
3680 2073 3905 2172 magis
3952 2074 4043 2148 de
4089 2075 4438 2174 religionis

1401 2190 1832 2267 Christianae
1893 2192 2178 2269 veritate
2234 2193 2438 2270 nobis
2503 2193 2783 2292 penitus
2847 2218 3256 2294 persuasum
3321 2200 3427 2268 est
3449 2253 3469 2284 ‚
3540 2219 3623 2269 eo
3670 2194 3961 2268 alacrius
4016 2200 4163 2269 toto
4208 2194 4438 2270 animo

1401 2311 1879 2388 assentiemur.
1975 2312 2331 2391 Nimirum
2366 2321 2563 2388 tanta
2602 2321 2709 2388 est
2738 2314 3041 2389 veritatis
3073 2312 3383 2388 coelestis
3422 2313 3521 2390 vis
3560 2321 3632 2388 et
3668 2313 3965 2389 efficacia
3983 2373 4004 2403 ‚
4058 2322 4179 2403 ut,
4224 2314 4436 2389 libere

1402 2431 1753 2530 explorata
1773 2488 1795 2521 ,
1860 2431 2014 2506 luce
2067 2432 2426 2532 splendeat
2480 2433 2712 2508 contin
2720 2457 2809 2508 uo
2864 2432 3120 2509 maiore
3170 2457 3249 2508 ac
3270 2429 3301 2521 ,'
3340 2432 3555 2510 veluti
3602 2457 3849 2524 aurum
3899 2441 4349 2532 argentumve
4396 2459 4439 2508 a

1400 2550 1756 2626 vilioribus
1802 2552 2101 2627 metallis
2121 2610 2140 2640 ,
2191 2578 2281 2629 eo
2329 2552 2777 2652 dignoscatur
2820 2553 3110 2628 facilius
3212 2555 3327 2628 Ita
3366 2554 3437 2627 in
3482 2553 3705 2653 ipsius
3750 2553 4049 2628 maxime
4090 2554 4436 2630 Ecclesiae

1403 2670 1699 2746 salutem
1759 2672 1986 2746 omnis
2049 2672 2168 2748 illa
2229 2674 2414 2748 cedit
2465 2674 2885 2750 Academica
2936 2674 3283 2747 institutio
3302 2733 3322 2762 ‚
3390 2697 3603 2773 quam
3658 2673 3748 2748 ad
3794 2672 4257 2748 informandos
4310 2673 4438 2747 Sa-

1399 2813 1674 2864 crorum
1733 2791 2078 2866 antistites
2136 2792 2569 2891 aptissimam
2636 2793 3115 2892 praedicamus
3134 2851 3154 2880 ,
3223 2792 3481 2892 quippe
3546 2817 3686 2866 non
3751 2791 4221 2868 doctissimam
4286 2801 4438 2868 tan-

1401 2918 1552 2982 tum
1572 2967 1592 2997 ‚
1645 2910 1771 2984 sed
1822 2918 1894 2984 et
1939 2909 2329 3000 liberalem,
2383 2912 2553 3011 quin
2604 2913 2815 2988 etiam
2866 2912 3309 2987 liberrimam.

1494 3029 1818 3126 Denique
1867 3037 2230 3128 propterea
2275 3055 2555 3128 quoque
2579 3089 2599 3118 ,
2652 3031 2843 3129 quod
2890 3057 2937 3130 p
2958 3055 3104 3105 rac
3124 3030 3251 3105 tic
3270 3055 3313 3105 a
3356 3038 3497 3119 est,
3546 3031 4054 3106 institutionem
4088 3056 4434 3107 commen-

1403 3147 1654 3222 damus
1714 3148 2229 3224 Academicam.
2329 3153 2497 3228 Quo
2561 3148 2749 3225 dicto
2806 3174 2946 3224 non
3012 3150 3143 3225 hoc
3200 3175 3365 3226 sane
3418 3151 3593 3226 mihi
3634 3152 3785 3226 volo
3803 3209 3823 3239 ‚
3874 3151 4317 3252 Theologiam
4362 3151 4435 3226 in

1400 3267 1778 3342 Academia
1845 3274 2122 3344 tantum
2184 3269 2505 3344 utilitatis
2579 3295 2785 3344 causa
2849 3269 3080 3345 doceri
3145 3280 3217 3345 et
3280 3271 3352 3345 in
3426 3271 3774 3346 Ecclesiae
3838 3272 4168 3347 continuo
4232 3297 4434 3347 usum

1402 3386 1928 3473 convertendam
1961 3412 2162 3464 esse.
2283 3388 2543 3463 Vereor
2608 3389 2793 3465 enim
2814 3449 2834 3478 ‚
2908 3398 3028 3479 ut,
3095 3415 3275 3488 quae
3328 3391 3528 3466 unice
3581 3391 3671 3466 ad
3716 3390 4087 3468 utilitatem
4136 3399 4433 3491 spectat,

1404 3514 1476 3581 et
1541 3530 1696 3581 vere
1763 3505 1967 3582 docta
2031 3508 2121 3582 sit
2180 3516 2252 3582 et
2311 3533 2466 3584 vere
2516 3501 2817 3586 liberalis
2866 3511 3285 3609 Theologiae
3337 3510 3719 3611 disciplina.
3819 3513 3971 3588 Nec
4019 3512 4431 3612 Theologiae

1403 3626 1613 3702 etiam
1632 3685 1652 3715 ‚
1715 3651 1896 3725 quae
1943 3625 2198 3704 dicitur
2215 3687 2236 3717 ‚
2303 3651 2462 3728 pars
2506 3630 2805 3729 practica
2850 3630 3023 3704 mihi
3071 3637 3343 3705 tantum
3365 3689 3385 3718 ‚
3435 3630 3603 3706 haec
3642 3630 3933 3720 dicenti,
3984 3638 4293 3706 versatur
4338 3628 4429 3704 ob

1402 3747 1638 3822 oculos
1655 3806 1676 3836 ‚
1757 3770 1965 3845 quam
2041 3771 2275 3824 revera
2349 3775 2539 3824 mere
2604 3751 3048 3825 theoreticam
3122 3775 3273 3826 esse
3342 3751 3485 3824 iam
3558 3750 3960 3850 significavi.
4062 3750 4203 3824 Sed
4277 3750 4433 3824 ideo

1400 3863 1770 3965 practicam
1823 3867 2132 3942 dicimus
2191 3866 2701 3944 institutionem
2762 3877 3069 3945 nostram
3109 3869 3599 3946 Academicam
3625 3926 3646 3959 ,
3697 3871 3886 3968 quod
3912 3877 4110 3970 'quae
4156 3869 4434 3945 futurus

1403 3987 1766 4060 Sacrorum
1827 3987 2116 4062 antistes
2173 3989 2452 4087 cognita
2495 3989 2767 4088 sibique
2805 3998 3161 4092 perspecta
3203 3990 3457 4065 habere
3505 3990 3790 4080 debeat,
3850 3991 3952 4065 ibi
3993 3999 4245 4067 cuncta
4296 3999 4431 4066 tra-
4506 4031 4515 4038 ·

1405 4105 1694 4192 dantur,
1739 4111 1809 4177 et
1851 4105 1952 4179 ita
1997 4107 2283 4204 quidem
2331 4109 2725 4198 tradantur,
2776 4119 2859 4183 ut
2903 4135 2985 4185 ea
3032 4110 3106 4184 in
3145 4111 3327 4184 'suos
3372 4110 3521 4208 ipse
3566 4135 3736 4184 usus
3782 4119 4175 4186 convertere
4214 4111 4431 4210 possit
4574 4177 4581 4180 ,

1401 4225 1628 4323 iisque
1696 4232 1929 4298 mente
1993 4225 2364 4323 animoque
2421 4226 2571 4326 ipse
2629 4229 2981 4304 excolatur
3030 4238 3101 4304 et
3161 4231 3253 4304 ad
3318 4229 3723 4306 obeundum
3782 4255 4041 4304 munus
4102 4232 4386 4306 Sacrum
4405 4287 4427 4318 ,

1403 4354 1744 4445 quantum
1805 4343 1956 4417 fieri
2013 4350 2290 4443 potest,
2357 4348 2557 4444 praxi
2604 4347 2815 4424 etiam
2858 4357 3271 4425 exerceatur.
3373 4351 3537 4428 Qua
3579 4349 3653 4424 in
3700 4375 3774 4424 re
3812 4356 4081 4425 nostras
4129 4351 4431 4425 multum

1397 4465 1484 4538 iis
1532 4471 1914 4561 praestare,
1982 4485 2162 4560 quae
2217 4462 2291 4536 in
2345 4463 2830 4540 Germania
2878 4465 3259 4555 habentur,
3318 4468 3755 4558 Academiis‚
3815 4469 4257 4546 notissimum
4300 4476 4424 4544 est.

1401 4583 1516 4656 Ibi
1555 4583 1742 4657 enim
1790 4581 2202 4682 Theologiae
2243 4581 2595 4660 docendae
2646 4583 2993 4682 provincia
3036 4584 3433 4660 doctoribus
3475 4586 3889 4686 plerumque
3936 4586 4427 4674 demandatur,

1405 4702 1634 4777 schola
1683 4709 1958 4777 tantum
2007 4703 2481 4803 librorumque
2524 4704 2813 4782 lectione
2860 4705 3150 4782 eruditis
3171 4762 3193 4795 ,
3242 4729 3382 4780 non
3424 4714 3662 4783 autem
3708 4706 3849 4781 vita
3888 4706 4251 4781 hominum
4298 4705 4430 4779 Ec-

1405 4822 1786 4920 clesiaeque
1851 4845 1989 4899 usu
2053 4825 2438 4902 exercitatis
2456 4883 2478 4914 ,
2548 4849 2775 4925 neque
2820 4825 3043 4902 ullum
3091 4825 3231 4902 fere
3249 4883 3271 4920 ,
3340 4835 3686 4926 quatenus
3734 4825 4183 4926 Theologiam
4224 4825 4427 4927 profi-
