4934 6184
1437 700 1522 769 18
2529 695 3389 765 S.vlssER1NG

1531 907 1730 982 Unos
1799 907 2115 983 omnium
2189 910 2425 980 autem
2494 901 2751 978 Frisios
2816 901 3154 977 libertatis
3210 926 3377 980 suae
3437 900 3981 977 studiosissimos
4034 899 4238 976 docet
4280 925 4431 978 esse
4448 963 4474 992 ,

1431 1026 1749 1102 videlicet
1789 1027 2115 1127 antiquae
2151 1027 2541 1100 Germanae
2580 1022 2865 1122 originis
2902 1022 3395 1100 tenacissimos.
3468 1022 3693 1098 Cuius
3732 1021 4123 1096 tenacitatis
4160 1022 4473 1123 lepidum

1433 1147 1779 1248 specimen
1835 1156 1944 1223 est
1995 1147 2184 1224 vicus
2231 1146 2647 1244 Molquerae‘
2680 1143 2777 1236 ⁴⁰)
2806 1201 2827 1234 ,
2897 1142 3015 1216 nin
3066 1152 3375 1218 veterum
3424 1144 3933 1218 Germanorum
3978 1165 4243 1216 morem
4261 1198 4283 1230 ,
4332 1167 4490 1218 non-

1429 1267 1776 1342 continuis
1849 1275 1921 1342 et
1983 1265 2511 1342 cohaerentibus
2575 1263 2905 1338 aedificiis
2926 1319 2948 1352 ,
3021 1263 3287 1338 locatus
3307 1321 3327 1352 ,
3394 1264 3518 1338 sed
3579 1263 3895 1338 discretis
3956 1270 4029 1337 et
4082 1269 4341 1336 temere
4392 1289 4471 1338 ac

1431 1387 1714 1463 fortuito
1757 1385 2062 1461 disiectis
2081 1445 2102 1477 ,
2153 1393 2234 1460 ut
2280 1387 2475 1460 locus
2513 1383 2767 1481 cuique
2814 1382 3185 1482 placuisset
3216 1384 3390 1475 ⁴²),”
3440 1383 3539 1457 ita
3587 1389 3666 1458 ut
3702 1381 3992 1481 hospes,
4044 1381 4170 1479 qui
4208 1379 4472 1456 visendi

1425 1532 1669 1582 caussa
1742 1509 2048 1596 venerit,
2123 1509 2270 1582 sine
2345 1505 2524 1580 duce
2596 1529 2671 1577 se
2736 1502 3065 1577 extricare
3126 1502 3293 1576 inde
3356 1509 3677 1600 nequeat.
3757 1547 3859 1562 --
3917 1499 4185 1574 Eadem
4252 1501 4466 1600 igitur

1423 1626 1806 1700 Frisiorum
1868 1627 2296 1701 coercitionis
2353 1623 2787 1723 impatientia
2830 1621 2903 1694 in
2952 1620 3278 1695 omnibus
3324 1629 3649 1720 apparet,
3719 1645 3848 1694 nec
3902 1620 4070 1695 latet
4116 1619 4191 1693 in
4236 1645 4471 1696 eorum

1425 1743 1720 1819 civitatis
1758 1743 2186 1818 ordinatione
2207 1803 2227 1832 ,
2278 1767 2491 1842 quam
2539 1746 2853 1830 accurate
2898 1748 2970 1813 et
3011 1739 3319 1813 studiose
3360 1739 3658 1814 declarat
3682 1749 3921 1814 auctor
3948 1740 4071 1830 ⁴⁸).
4175 1739 4311 1814 Cui
4351 1766 4465 1814 ex-

1275 1902 1290 1911 ·
1421 1861 1749 1962 positioni
1805 1871 2042 1936 autem
2105 1861 2385 1936 subiicit
2435 1859 2991 1937 observationem
3008 1917 3029 1950 ,
3078 1884 3257 1958 quae
3306 1859 3509 1933 nobis
3558 1859 3724 1934 satis
3778 1858 4207 1934 admirabilis
4256 1859 4463 1934 videri

1419 1982 1664 2081 possit.
1765 1983 1953 2057 Nam
2009 1983 2133 2081 qui
2171 1981 2521 2057 hodiernis
2538 1981 2989 2080 ‘temporibus
3032 1979 3375 2056 eiusmodi
3418 1979 3871 2078 Reipublicae
3906 1979 4469 2055 constitutionem

1421 2101 1858 2200 disquirunt,
1942 2129 2082 2202 qua
2151 2102 2413 2202 optime
2483 2101 2723 2201 populi
2787 2100 3091 2175 libertati
3163 2100 3559 2174 consultum
3628 2123 3779 2173 esse
3836 2100 4183 2190 videatur,
4240 2101 4471 2175 oculos

1421 2228 1684 2295 vertere
1731 2221 1806 2296 in
1851 2223 2287 2297 Britanniam
2335 2223 2593 2310 solent,
2643 2221 2957 2295 omnium
3003 2223 3321 2320 Europae
3366 2220 3685 2320 gentium
3728 2219 3801 2293 in
3841 2221 3970 2296 hac
4014 2229 4159 2296 arte
4194 2221 4470 2320 politica

1419 2348 1954 2441 praeceptorem.
2018 2343 2214 2421 Quid
2255 2351 2494 2417 autem
2526 2341 2817 2416 noster?
2880 2341 3202 2415 Affirmat
3233 2340 3328 2431 ⁴¹⁰)
3356 2398 3379 2429 ,
3429 2365 3503 2414 se
3524 2399 3545 2428 ,
3594 2339 3721 2414 diu
3774 2349 3847 2414 et
3894 2341 4201 2416 multum
4252 2367 4335 2416 ea
4384 2341 4467 2414 de

1417 2485 1494 2536 re
1557 2461 1974 2568 meditatum
1997 2519 2024 2560 2
2086 2463 2426 2538 invenisse
2446 2520 2467 2553 ,
2535 2463 2909 2537 Britannos
2975 2461 3420 2536 celeberrima
3486 2483 3613 2535 sua
3668 2459 4019 2536 instituta·
4046 2460 4326 2561 politica
4380 2459 4465 2535 ab

1420 2581 1591 2680 ipsis
1637 2581 1878 2659 Frisiis
1928 2607 2079 2657 esse
2126 2589 2504 2658 mutuatos.
2556 2625 2653 2639 —-

2227 2712 2280 2774 O
2321 2714 2633 2774 fortunatos
2672 2709 2908 2772 nimium
2948 2730 3047 2771 sua
3086 2711 3134 2770 si
3170 2711 3321 2770 bona
3358 2715 3586 2772 nossent

1413 2819 1757 2894 Maiores!
1821 2863 1923 2880 -
1987 2821 2188 2896 Itane
2231 2821 2432 2895 nobis
2482 2827 2587 2895 tot
2636 2820 2991 2918 tantisque
3041 2843 3277 2893 rerum
3330 2817 3896 2894 conversionibus
3936 2841 4113 2920 opus
4160 2823 4350 2906 erat,
4398 2823 4468 2889 et

1409 2937 1667 3013 crebris
1733 2938 2093 3014 discordiis
2155 2948 2229 3014 et
2290 2941 2620 3015 acerrima
2680 2941 2986 3014 necdum
3036 2939 3259 3036 sopita
3310 2938 3447 3014 ista
3492 2938 3933 3013 contentione
3983 2936 4291 3036 partium
4318 2993 4339 3026 ,
4386 2941 4463 3008 ut

1412 3063 1907 3132 reverteremur
1951 3059 2118 3132 illuc
2167 3058 2354 3132 unde
2404 3057 2773 3132 exordium
2824 3058 3120 3131 ductum
3170 3057 3391 3131 cssetl

1509 3177 1622 3250 Ne
1667 3183 1904 3252 tamen
1953 3177 2362 3252 existimetis
2381 3236 2402 3268 ,
2449 3178 2541 3252 A.
2587 3177 2684 3251 H.
2707 3233 2729 3266 ,
2794 3202 2908 3251 me
2960 3183 3300 3251 nostrates
3346 3175 3642 3280 levitatis
3694 3175 4143 3252 insimulare!
4216 3174 4461 3275 Longe

1413 3295 1612 3370 aliter
1679 3305 1862 3371 certe
1928 3298 2302 3373 Tnmrmus
2321 3355 2342 3388 ,
2412 3297 2535 3396 qui
2594 3305 2830 3372 contra
2894 3297 3144 3372 horum
3216 3299 3674 3373 constantiam
3724 3305 3796 3373 et
3855 3296 4325 3383 severitatem,
4380 3303 4461 3370 ut

1413 3414 1540 3513 qui
1573 3416 1875 3491 maxime
1893 3475 1916 3506 ,
1963 3417 2282 3493 celebrat.
2383 3418 2563 3493 Aliis
2582 3477 2603 3508 ,
2651 3418 2883 3517 inquit
2915 3419 3013 3512 ⁶⁰)
3037 3476 3058 3509 ,
3110 3417 3395 3494 hilarius
3440 3420 3531 3492 sit
3572 3427 3643 3493 et
3686 3418 3976 3512 alacrius
3998 3417 4359 3515 ingenium
4390 3423 4461 3489 et

1411 3533 1704 3609 facetius
1745 3536 2044 3611 cavillari
2091 3537 2374 3626 datum;
2425 3545 2499 3612 at
2547 3538 2656 3612 his
2702 3537 2972 3638 gravior
3026 3540 3302 3613 animus
3352 3547 3423 3613 et
3474 3539 3765 3614 solidior
3782 3599 3803 3630 ,
3852 3538 4151 3638 negotiis
4193 3537 4459 3613 incum-

1416 3653 1631 3730 bens:
1699 3654 1851 3730 aliis
1916 3656 1989 3730 in
2049 3656 2346 3732 sublime
2411 3658 2619 3733 altius
2678 3660 2899 3733 evolet
2948 3659 3353 3758 imaginatio
3370 3693 3389 3747 3
3441 3658 3550 3733 his
3614 3658 3879 3734 tardior
3925 3657 4213 3758 quidem
4260 3656 4459 3730 intel·-

1411 3772 1671 3864 lectus,
1723 3775 1848 3848 sed
1893 3777 2008 3850 cui
2057 3785 2386 3876 concepta
2425 3765 2731 3878 penitius
2782 3778 3269 3879 imprimantur
3316 3787 3387 3854 et
3426 3780 3736 3855 tenacius
3780 3780 4207 3854 inhaereant.
4306 3775 4455 3850 Nec

1413 3894 1474 3967 si
1525 3895 1716 3994 quod
1764 3897 2198 3995 propositum
2248 3908 2763 3997 persequuntur
2809 3924 3119 3998 unquam
3177 3900 3408 3974 sinent
3462 3925 3536 3975 se
3586 3901 3803 3976 averti
3850 3889 3973 4000 spe
4020 3897 4128 3972 vel
4170 3896 4453 3982 timore,

1413 4037 1543 4088 nec
1600 4015 1877 4091 fastidio
1927 4018 2186 4117 incepti
2236 4025 2360 4092 aut
2407 4019 2774 4094 meliorum
2822 4019 3351 4095 consectatione.
3456 4021 3671 4099 Quod
3720 4021 3961 4119 utique
4004 4017 4249 4092 honori
4288 4015 4455 4116 ipsis

1414 4157 1566 4208 esse
1623 4142 1835 4210 retur.
1935 4137 2214 4211 Etenim
2277 4138 2593 4214 villorum
2667 4141 2933 4216 indoles
2992 4141 3236 4215 similis
3300 4148 3407 4216 est
3447 4142 3860 4229 novaculae,
3910 4140 4157 4214 horum
4211 4135 4449 4212 securi.

1415 4252 1656 4330 Altera
1695 4262 2000 4353 praestat
2049 4257 2336 4354 quidem
2386 4258 2627 4333 subtili
2676 4260 2818 4334 acie
2870 4267 2943 4333 et
2994 4260 3210 4358 polito
3254 4261 3467 4336 micat
3519 4261 3735 4351 ferm,
3788 4259 3912 4334 sed
3956 4259 4157 4334 facile
4198 4256 4451 4331 obtun-

1411 4372 1606 4448 ditur
1667 4373 1794 4448 ubi
1858 4375 2032 4451 dura
2089 4377 2408 4452 materies
2465 4378 2724 4453 resistit
2740 4413 2760 4469 ς
2828 4389 2901 4456 at
2950 4381 3165 4455 altera
3207 4381 3424 4456 solida
3478 4388 3551 4456 et
3600 4381 3827 4480 gravis
3879 4377 4238 4480 pertundit
4276 4399 4449 4472 quo-

1411 4517 1688 4593 cunque
1735 4495 1940 4570 cadit.
2043 4496 2174 4572 Illa
2219 4497 2552 4572 nimirum
2600 4499 2859 4589 cultui,
2910 4500 3079 4574 haec
3129 4501 3291 4575 usui
3342 4503 3521 4577 est.’'

1507 4613 1723 4690 Nulla
1780 4615 1938 4690 ve'ro
1993 4642 2102 4692 res
2161 4618 2545 4718 peregrini,
2610 4627 2791 4694 certe
2836 4620 3053 4719 Angli
3098 4619 3398 4694 hominis
3448 4620 3979 4696 admirationem
4034 4613 4267 4714 magis
4315 4612 4448 4688 for—

1413 4739 1622 4842 tasse·
1667 4735 2095 4828 excitaverit,
2145 4764 2360 4836 quam
2413 4739 2671 4814 civium
2710 4749 3103 4817 nostrorum
3155 4765 3237 4816 ea
3286 4748 3696 4839 tempestate
3739 4738 4101 4838 frugalitas
4142 4743 4215 4808 et
4260 4757 4447 4808 sum-

1415 4861 1620 4930 tuum
1657 4854 2058 4934 moderatio.
2123 4857 2311 4934 Hinc
2350 4860 2723 4966 locupletes
2742 4918 2763 4954 ,
2792 4863 2892 4937 ait
2916 4863 3016 4956 ⁶¹)
3041 4918 3062 4951 ,
3096 4869 3300 4950 sunt,
3325 4859 3515 4958 quod
3539 4858 4021 4957 unusquisque
4051 4855 4213 4954 plus
4240 4852 4452 4928 habet
