4934 6184
1836 654 2389 725 ORATIO.
3509 662 3636 729 133

596 860 769 939 rabo
818 860 1237 937 fermentum
1281 858 1353 934 in
1396 856 1659 935 farinae
1700 864 1971 939 modios
2012 865 2332 942 abditum
2351 925 2371 955 ,
2422 864 2641 942 donec
2675 873 2820 943 tota
2865 868 2956 943 sit
2991 854 3422 946 fermentata.
3497 870 3636 951 His

594 983 825 1058 verbis
868 980 1135 1057 consilii
1178 980 1289 1055 sui
1334 979 1476 1055 vim
1520 988 1593 1055 et
1630 983 1965 1061 rationem
2016 988 2287 1087 aperuit
2337 987 2453 1063 ille
2473 1046 2492 1077 ,
2562 986 2686 1087 qui
2737 989 3188 1088 perspicacior
3237 990 3376 1065 fuit
3421 1016 3636 1091 quam

596 1116 679 1180 ut
716 1104 834 1191 ,ad
892 1128 1169 1179 summa
1228 1120 1545 1202 quaeque
1601 1102 1989 1181 hortaretur
2047 1107 2319 1205 stipites
2373 1108 2482 1183 vel
2537 1132 2722 1183 saxa.
2823 1108 3437 1187 Quemadmodum
3496 1111 3630 1187 fer·

596 1231 915 1301 mentum
978 1222 1157 1299 nihil
1222 1248 1265 1298 a
1330 1222 1551 1299 farina
1598 1222 1947 1301 diversum
1996 1227 2303 1303 continet
2348 1252 2578 1328 neque
2626 1228 2828 1303 iuxta
2885 1252 3042 1303 eam
3094 1228 3415 1329 ponitur,
3467 1231 3630 1321 sed,

596 1345 908 1420 eiusdem
970 1344 1231 1443 quippe
1290 1344 1563 1442 generis
1622 1345 1907 1421 materia
1928 1404 1949 1435 ,
2012 1347 2102 1421 ad
2153 1371 2308 1423 eam
2358 1372 2431 1423 se
2480 1346 2778 1447 applicat
2827 1354 2898 1421 et
2941 1346 3017 1421 in
3067 1373 3289 1424 unum
3329 1374 3495 1426 cum
3551 1376 3633 1427 ea

594 1465 953 1553 coalescit,
1008 1464 1107 1539 sic
1147 1464 1511 1539 consilium
1570 1460 1883 1540 01101οῖ11
1940 1492 2079 1542 000
2138 1468 2272 1543 fuit
2330 1468 2605 1558 afferre,
2669 1467 2858 1567 quod
2911 1467 3107 1543 iuxta
3155 1470 3506 1544 hominem
3560 1481 3632 1545 et

594 1588 795 1663 iuxta
836 1585 1181 1661 civitatem
1238 1584 1471 1660 locum
1513 1595 1879 1686 oocuparet
1897 1646 1917 1676 ,
1980 1588 2104 1662 sed
2152 1588 2504 1689 impertire
2523 1648 2544 1677 ,
2596 1588 2786 1687 quod
2837 1587 3244 1688 cognatione
3287 1614 3414 1664 sua
3466 1611 3628 1665 cum

600 1706 898 1782 hominis
961 1711 1211 1781 natura
1276 1703 1451 1781 adeo
1505 1705 1581 1779 in
1644 1705 1821 1782 hanc
1872 1717 2263 1806 penetraret
2310 1717 2382 1783 et
2432 1733 2595 1783 cum
2647 1734 2730 1783 ea
2779 1709 3223 1797 coalesceret,
3289 1716 3370 1784 ut
3417 1709 3628 1785 homo

602 1833 750 1901 tota
824 1832 1050 1901 mente
1118 1832 1193 1899 et
1257 1824 1449 1900 omni
1514 1825 1733 1901 animi
1792 1826 2061 1927 impetu
2126 1828 2217 1903 ad
2279 1828 2766 1927 perfectionem
2832 1828 3117 1903 tendere
3181 1835 3437 1929 posset.
3540 1830 3630 1903 Id

598 1970 773 2021 num
832 1946 1199 2045 indignum
1264 1952 1371 2020 est
1417 1946 1719 2027 virorum
1788 1948 1972 2022 curis
1991 2006 2012 2036 ,
2082 1954 2307 2023 aetate
2381 1956 2455 2022 et
2519 1948 2778 2024 iudicio
2837 1948 3394 2046 provectiorum?
3453 1973 3629 2023 num

591 2074 861 2167 pugnat
918 2090 1083 2141 cum
1150 2062 1487 2165 sapientia
1554 2066 1998 2143 seculorum?
2081 2068 2241 2143 Hoc
2306 2068 2368 2143 si
2430 2068 2776 2169 superiore
2825 2069 3056 2144 seculo
3099 2068 3484 2144 acutissimi
3527 2068 3634 2143 illi

590 2186 715 2261 viri
784 2193 1319 2287 perspexerant,
1391 2186 1649 2285 quibus
1722 2188 2141 2264 conscientia
2218 2188 2331 2263 sui
2402 2214 2520 2265 eas
2587 2189 2846 2265 indidit
2918 2191 3094 2265 vires
3111 2250 3132 2279 ,
3207 2196 3290 2265 ut
3306 2247 3327 2278 ‚
3405 2196 3636 2288 spreta
3735 2276 3750 2293 .

591 2306 999 2384 auctoritate
1072 2306 1435 2382 hominum
1519 2307 2010 2406 qualicumque
2076 2308 2361 2384 tandem
2381 2366 2401 2399 ‚
2477 2334 2550 2384 se
2629 2310 2764 2411 ipsi
2844 2311 3184 2410 explicare
3259 2310 3634 2411 gestirent,

586 2452 817 2503 nonne
888 2426 1103 2502 multi
1162 2450 1401 2502 eorum
1464 2426 1619 2503 avia
1680 2434 1753 2502 et
1813 2428 2013 2503 devia
2058 2428 2424 2517 vitassent,
2497 2428 2604 2503 vel
2645 2430 2874 2529 potius
2919 2430 3458 2519 intellexissent,
3507 2430 3632 2510 ho-

583 2549 793 2623 minis
866 2549 1374 2651 αυτουργίᾳ,
1364 2548 1605 2623 cuius
1680 2547 2080 2624 facultatem
2152 2549 2349 2623 Deus
2424 2548 2628 2623 nobis
2697 2548 2988 2648 largitus
3056 2557 3203 2639 est,
3283 2550 3383 2624 sio
3452 2548 3628 2623 nihil

592 2666 903 2755 detrahi,
972 2667 1096 2761 sed
1156 2668 1413 2743 mirum
1472 2676 1815 2768 quantum
1881 2668 2098 2743 addi?
2188 2670 2313 2743 Me
2369 2669 2636 2756 iudice,
2703 2668 3020 2742 nonnulli
3068 2668 3210 2743 vita
3259 2668 3632 2767 expressis-

594 2796 753 2862 sent
804 2786 1017 2876 illud,
1080 2788 1154 2863 in
1212 2814 1353 2888 quo
1398 2789 1603 2889 longe
1644 2788 1953 2889 graviore
1997 2812 2210 2887 quam
2266 2787 2454 2887 apud
2506 2793 2781 2886 poetam
2831 2810 3040 2863 sensu
3085 2811 3359 2861 summa
3405 2785 3630 2884 posita

596 2916 709 2982 est
769 2907 1063 2983 hominis
1110 2909 1251 2999 vis,

1396 3032 1505 3093 ms
1544 3037 1601 3095 te
1640 3033 1913 3095 minorem
1952 3030 2101 3115 quod
2140 3030 2321 3111 geris,
2361 3028 2632 3113 imperas.

1394 3135 1551 3199 Hinc
1588 3157 1755 3199 omne
1794 3136 2153 3219 principium,
2196 3134 2309 3195 hue
2346 3134 2494 3195 refer
2533 3122 2761 3195 exitum.

682 3272 881 3349 Haec
945 3273 1123 3349 mihi
1191 3273 1302 3351 via
1360 3298 1511 3349 esse
1580 3274 1853 3349 videtur
1918 3274 2049 3348 rite
2096 3274 2245 3361 vel,
2310 3272 2504 3373 quod
2546 3272 2790 3347 eodem
2843 3209 3064 3348 redire
3135 3278 3460 3373 apparet,
3508 3296 3628 3346 na-

584 3401 769 3475 tura
805 3394 1113 3470 humana
1164 3393 1395 3528 digne
1420 3392 1927 3493 progrediendi.
2028 3388 2510 3467 Difficillima'
2489 3415 2642 3524 ipsa
2689 3398 2816 3465 est.
2917 3390 3058 3466 Sed
3109 3390 3318 3466 aliam
3361 3390 3626 3490 ignoro.

589 3512 773 3586 Sunt
818 3536 903 3587 ea
951 3512 1135 3589 vitae
1176 3512 1515 3613 principia
1532 3569 1555 3601 ,
1604 3536 1693 3587 ex
1734 3509 1993 3609 quibus
2038 3509 2305 3610 reliqua
2351 3509 2622 3599 omnia,
2675 3535 2853 3609 quae
2906 3510 2998 3585 ad
3041 3510 3347 3610 vigorem
3393 3509 3628 3584 civita·

585 3639 739 3707 tum
796 3632 1281 3734 excogitantur
1297 3690 1319 3722 ,
1378 3655 1661 3732 prorsus
1715 3630 2043 3731 pendent.
2143 3630 2339 3705 Haec
2408 3631 2485 3705 in
2551 3631 2964 3730 sanguinem
3011 3628 3264 3703 diffusa
3282 3686 3302 3716 ,
3351 3633 3628 3727 pectora

582 3750 930 3828 roborant.
1029 3752 1171 3829 His
1236 3752 1370 3829 niti
1430 3753 1642 3829 vitam
1706 3758 2113 3851 parentum,
2181 3774 2478 3849 quorum
2523 3748 2615 3823 ad
2659 3748 3058 3845 exemplum
3103 3746 3302 3821 liberi
3345 3769 3622 3843 compo·
3706 3782 3708 3785 >

586 3878 891 3961 nuntur,
939 3878 1097 3947 tum
1140 3872 1653 3949 institutionem
1698 3868 2149 3965 domesticam
2184 3877 2257 3942 et
2300 3866 2651 3966 publicam
2697 3871 2986 3965 oportet.
3056 3865 3242 3938 Nam
3289 3887 3376 3937 ex
3417 3862 3626 3937 domo

588 3988 1137 4091 uniuscuiusque
1179 3993 1526 4094 prodeunt
1565 3993 1789 4080 cives,
1834 3989 1911 4064 in
1958 4012 2134 4088 quos
2169 3994 2530 4085 tamquam
2572 3986 2644 4060 in
2689 3984 3010 4121 palmites
3053 3984 3115 4060 si
3159 3992 3428 4059 mature
3463 3981 3624 4085 vitis

592 4108 853 4185 sanitas
898 4110 1211 4203 transiit,
1277 4112 1653 4212 locupletes
1705 4108 2079 4209 aliquando
2128 4113 2341 4184 testes
2383 4113 2628 4196 erunt,
2695 4105 2770 4179 in
2817 4103 3081 4205 ingenii
3127 4103 3482 4204 animique
3533 4102 3625 4178 ad

594 4252 871 4306 omnem
927 4230 1193 4309 cultum
1232 4231 1710 4335 progressione
1738 4254 1880 4305 non
1920 4236 2077 4306 esse'
2114 4227 2302 4329 quod
2346 4227 2435 4303 de
2466 4226 2586 4303 ‘his
2629 4252 3132 4329 conqueramur
3171 4224 3620 4325 temporibus.

684 4470 925 4547 Redeo
943 4530 966 4562 ,
1014 4473 1105 4550 A.
1141 4477 1233 4551 A.
1253 4532 1275 4564 ,
1324 4474 1513 4549 unde
1560 4495 1761 4549 orsus
1823 4492 2003 4545 sum.
2100 4470 2318 4545 Aetas
2360 4474 2596 4543 nostra
2658 4464 3191 4563 Historiologiae
3237 4458 3616 4536 admodum

588 4590 791 4669 favet.
914 4593 1026 4667 Ex
1092 4618 1236 4693 quo
1299 4601 1611 4693 tempore
1678 4592 1767 4666 de
1816 4590 1948 4665 hoc
2010 4577 2422 4687 argumento
2481 4584 2878 4683 Groningae
2938 4581 3145 4656 verba
3205 4578 3374 4667 feci,
3441 4601 3619 4653 nova

585 4736 807 4811 eaque
871 4712 1225 4813 praeclara
1270 4712 1505 4791 huius
1554 4709 1803 4787 favoris
1860 4707 2067 4783 allata
2118 4712 2285 4779 sunt
2330 4702 2748 4779 testimonia.
2845 4698 3248 4800 Accipimus
3297 4721 3503 4774 omen
3547 4705 3620 4773 et

586 4832 947 4931 speramus
1008 4830 1155 4907 fore
1177 4888 1201 4925 ‚
1272 4840 1353 4909 ut
1416 4858 1505 4909 ex
1564 4856 1649 4908 ea
1712 4826 2022 4905 doctrina
2038 4882 2061 4919 ,
2130 4847 2309 4923 quae
2373 4821 2956 4901 accuratissimam
3006 4818 3276 4922 generis
3331 4816 3622 4895 humani
