4934 6184
1841 719 2398 791 ORATIO.
3222 737 3227 744 '
3520 725 3648 793 13⁷

621 933 1223 1007 Gonnosvnamm
1265 936 1582 1004 nostrum
1621 931 2076 1032 praeceptoris
2125 931 2406 1006 nomine
2441 929 2853 1031 compellare
2891 931 3071 1007 licet.
3172 931 3357 1007 Nam
3399 933 3649 1008 Donn-

631 1073 956 1126 sxrrrxm
1015 1049 1448 1150 disciplinam
1471 1107 1491 1138 ,
1559 1074 1772 1150 quam
1821 1052 2214 1128 adolescens
2259 1051 2569 1152 percepi,
2620 1050 2981 1151 exquisitis
3016 1051 3206 1127 illam
3250 1052 3610 1132 suavitatis
3629 1110 3652 1144 ‚

619 1170 899 1273 leporis,
947 1169 1350 1270 diligentiae
1397 1177 1470 1245 et
1516 1170 1874 1269 gravitatis
1925 1171 2254 1247 laudibus
2303 1195 2376 1246 se
2425 1169 3030 1246 commendantem
3050 1228 3071 1259 ‚
3120 1169 3471 1270 equidem·
3502 1196 3648 1248 me·
3764 1269 3769 1274 β

613 1291 791 1366 mori
860 1298 1136 1392 pectore
1205 1289 1428 1367 condo
1495 1296 1567 1364 et
1639 1289 1890 1367 lubens
1955 1279 2290 1368 recordor.
2412 1290 2609 1376 Quid
2677 1290 2895 1390 igitur
2958 1291 3291 1366 affirmem
3311 1348 3331 1381 ‚
3404 1293 3651 1390 quanti

615 1412 1086 1486 venerandum
1167 1433 1402 1486 senem
1479 1407 1724 1486 faciam
1796 1435 2146 1510 quamque
2206 1409 2651 1486 vehementer
2711 1410 2777 1485 ei
2840 1415 3269 1487 senectutem
3324 1420 3649 1512 exoptem

611 1531 956 1630 placidam
974 1588 995 1619 ‚
1065 1530 1290 1605 lenem
1310 1588 1331 1619 ‚
1399 1537 1470 1604 et
1542 1528 1724 1605 vitae
1785 1530 2268 1606 honestissime
2335 1537 2616 1638 exactae
2677 1531 3095 1608 conscientia
3154 1531 3645 1608 exhilaratam!

609 1651 936 1726 Aliorum
981 1649 1366 1750 praesentia
1405 1648 1582 1724 mihi
1617 1648 1925 1725 iucunda
1967 1658 2109 1738 est,
2147 1657 2272 1724 tua
2305 1674 2444 1724 non
2488 1649 2796 1726 iucunda
2842 1659 3022 1726 esset
3042 1710 3062 1740 ,
3116 1653 3647 1730 Consultissime

611 1769 914 1844 Beonas
933 1825 955 1856 ,
1021 1755 1400 1843 amicorum
1460 1789 1775 1842 meorum
1823 1767 2302 1866 antiquissime
2354 1773 2426 1842 et
2467 1767 2959 1870 integerrime?
3023 1772 3161 1846 Per
3207 1779 3380 1848 octo·
3411 1780 3483 1846 et
3527 1771 3647 1846 tri-

611 1887 810 1988 ginta
871 1911 1092 1963 annos
1137 1885 1522 1974 arctissima
1563 1907 1692 1962 nos
1739 1887 1970 1964 iunxit
2017 1887 2341 1964 amicitia.
2442 1888 2861 1966 Academiae
2901 1891 3083 1968 cives
3136 1891 3449 1992 quotidie
3506 1916 3648 1966 una

531 2001 548 2020 ’
611 2006 896 2082 fuimus.
999 2006 1190 2081 Seria
1261 2014 1336 2081 et
1388 2007 1540 2083 ioca
1590 2009 1890 2107 egimus.
2007 2009 2094 2082 In
2157 2007 2406 2083 scholis
2474 2008 2949 2085 Professorum
3004 2011 3179 2086 alter
3224 2010 3316 2087 ab
3367 2010 3653 2086 alterius

614 2128 822 2203 latere
897 2149 1037 2200 non
1105 2126 1440 2202 discessit.
1564 2127 1976 2203 Communis
2041 2127 2242 2202 nobis
2303 2129 3053 2225 praestantissimorum
3114 2131 3647 2229 Praeceptorum

613 2271 807 2322 amor
865 2245 1002 2320 fuit
1020 2303 1041 2335 ‚
1102 2246 1492 2322 communis
1550 2246 1977 2323 Sonaonxm
2043 2247 2408 2324 admiratio
2422 2305 2443 2338 ,
2502 2249 2631 2347 qui
2675 2248 3108 2349 philosophia
3162 2248 3404 2324 morali
3447 2273 3647 2350 prae-

612 2367 789 2443 clare
854 2366 1190 2443 tradenda
1255 2391 1476 2467 eaque
1543 2368 1878 2468 singulari
1940 2367 2148 2443 etiam
2209 2367 2390 2443 vitae
2439 2393 2607 2444 suae
2651 2368 3048 2469 integritate
3097 2369 3649 2444 commendanda

611 2510 748 2562 non
796 2486 1134 2562 minorem
1182 2483 1302 2562 illo
1349 2494 1659 2586 tempore
1708 2487 1785 2562 in
1833 2488 2165 2563 iuvenum
2212 2487 2462 2562 animis
2509 2487 2648 2562 vim
2692 2487 2941 2563 habuit
2962 2547 2982 2577 ,
3029 2513 3242 2587 quam
3297 2488 3646 2563 Orationi-

610 2607 746 2683 bus
807 2607 1016 2684 sacris
1078 2608 1620 2706 pronunciandis
1663 2608 2017 2682 Haemos
2064 2607 2180 2682 ille
2201 2651 2223 2696 ‚-
2287 2606 2489 2682 cuius
2546 2606 2909 2706 ingenium
2968 2609 3326 2708 perspicax
3372 2616 3443 2684 et
3479 2608 3646 2682 inti-

608 2753 797 2803 mam
851 2727 1070 2802 animi
1111 2711 1404 2803 humani
1454 2751 1852 2804 recessuum
1891 2725 2211 2802 notitiam
2255 2726 2626 2801 cultissimi
2666 2727 2929 2825 quique
2978 2734 3457 2827 suspexerunt.
3540 2728 3647 2804 Eo

609 2855 921 2946 tempore
966 2846 1192 2922 multa
1232 2847 1517 2922 fuerunt
1557 2854 1680 2921 tua
1721 2847 1794 2920 in
1835 2870 1950 2921 me
1984 2846 2230 2935 merita
2246 2904 2269 2936 ,
2318 2846 2653 2921 nonnulla
2690 2870 2967 2945 quoque
3006 2873 3162 2924 mea
3195 2849 3269 2922 in
3299 2856 3392 2923 te.
3455 2848 3645 2923 Nam

611 2965 1112 3042 amicissimum
1175 2966 1354 3041 mihi
1418 2955 1740 3068 iuvenem
1807 2965 2256 3040 Heusdianae
2323 2964 2533 3040 domo
2596 2965 3071 3048 commendavi
3089 3026 3110 3055 ,
3174 2967 3377 3042 cuius
3446 2966 3651 3042 sociis

607 3085 792 3160 nosti
853 3109 1064 3184 quam
1133 3111 1334 3162 carus
1389 3094 1462 3162 et
1504 3089 1656 3161 vivo
1701 3086 2040 3162 avunculo
2085 3085 2298 3160 fueris
2345 3092 2418 3160 et
2463 3093 2705 3185 postea
2721 3145 2741 3176 ‚
2791 3109 3013 3185 quum
3060 3087 3133 3161 in
3175 3087 3643 3162 dilectissimis

609 3201 902 3281 aedibus
970 3205 1218 3304 optimi
1279 3205 1406 3280 viri
1465 3206 1756 3306 vestigia
1816 3206 2240 3306 legebamus.
2341 3204 2653 3281 Tandem
2674 3263 2695 3296 ,
2757 3206 2859 3282 mi
2907 3207 3238 3281 Baoansl
3257 3264 3278 3296 ‚
3328 3231 3371 3282 a
3419 3214 3493 3280 te
3540 3204 3643 3279 di-

611 3325 820 3402 scessi
883 3325 976 3402 ad
1043 3351 1304 3401 munus
1359 3326 1770 3402 Professoris
1821 3326 1894 3400 in
1942 3321 2302 3400 Athenaeo
2345 3317 2875 3424 Franequerano
2919 3313 3331 3425 gerendum.
3426 3326 3644 3402 Hunc

604 3443 874 3520 abitum
924 3444 984 3521 si
1039 3444 1215 3519 nihil
1259 3445 1576 3520 nocuisse
1614 3445 1769 3520 dico
1811 3443 2152 3520 amicitiae
2193 3451 2468 3518 nostrae
2487 3502 2508 3534 ‚
2556 3469 2805 3544 parum
2848 3446 3021 3522 dico.
3122 3447 3386 3522 Contra
3431 3447 3646 3523 crevit

613 3564 875 3640 eadem.
978 3565 1183 3643 Quae
1248 3588 1572 3665 prospera
1629 3573 1702 3638 et
1759 3563 2043 3640 adversa
2089 3563 2286 3638 alteri
2331 3573 2747 3654 evenerunt,
2795 3566 3043 3640 horum
3088 3567 3163 3640 in
3212 3569 3642 3643 communio-

611 3709 771 3760 nem
833 3709 1222 3784 numquam
1288 3709 1426 3759 non
1483 3685 1654 3759 alter
1711 3684 1915 3759 venit.
2021 3685 2270 3782 Itaque
2321 3708 2476 3772 me,
2540 3684 2677 3758 huc
2728 3692 3040 3759 vocatum
3066 3744 3086 3774 ‚
3136 3685 3485 3761 interdum
3536 3687 3644 3761 tui

577 3804 828 3879 'subiit
871 3804 1217 3905 cogitatio,
1320 3805 1530 3879 Nunc
1575 3813 1810 3880 autem
1853 3804 1947 3878 ad
1997 3811 2066 3878 te
2114 3804 2434 3878 redeunti
2479 3804 2553 3877 in
2608 3804 2782 3878 votis
2828 3789 2933 3878 est
2953 3863 2973 3892 ,
3027 3815 3105 3879 ut
3156 3806 3403 3883 ultima
3460 3807 3645 3881 vitae·

605 3935 888 4001 nostrae
935 3934 1134 4024 parte
1179 3947 1321 3999 non
1369 3924 1670 4024 amplius
1717 3923 1849 3999 loci
1892 3923 2249 4032 intervallo
2298 3925 2733 4023 separemur!

705 4164 1123 4240 Academiae
1196 4164 1900 4240 Rheno-Traiectinae
1975 4165 2278 4254 alumni,
2352 4166 2649 4240 Iuvenes
2698 4165 3141 4242 Ornatissimi
3160 4225 3179 4256 ,
3256 4191 3469 4265 quam
3522 4191 3639 4242 me

609 4283 902 4360 delectat
983 4284 1352 4384 adspectus
1417 4287 1676 4360 vester!
1765 4286 1871 4360 Ea
1935 4285 2102 4360 estis
2171 4293 2242 4359 et
2303 4293 2529 4361 aetate
2586 4295 2659 4360 et
2724 4286 2903 4362 vitae
2958 4287 3350 4363 conditione
3370 4347 3389 4376 ‚
3441 4287 3641 4361 cuius

605 4403 992 4479 maximum
1037 4403 1230 4479 vobis
1250 4461 1271 4494 ‚
1311 4405 1638 4496 doctrinis
1683 4413 1755 4480 et
1789 4405 2050 4506 patriae
2099 4412 2208 4481 est
2253 4412 2710 4482 momentum.
2809 4407 2996 4482 Nam
3032 4406 3449 4482 Academiae
3496 4428 3637 4479 non

605 4522 914 4598 officinae
963 4532 1127 4598 sunt
1143 4581 1165 4612 ,
1217 4522 1342 4599 ubi
1383 4525 1582 4624 panis
1625 4526 1827 4600 unice
1871 4526 2094 4624 gratia
2132 4551 2332 4602 suam
2381 4526 2679 4625 quisque
2726 4531 2943 4601 artem
2988 4526 3208 4600 discat
3225 4582 3246 4612 ,
3314 4525 3439 4599 sed
3482 4548 3637 4599 eru·

606 4640 888 4717 ditionis
937 4651 1008 4716 et
1047 4643 1502 4720 humanitatis
1545 4644 1741 4720 sedes
1785 4653 1951 4719 sunt
1968 4704 1988 4734 ,
2041 4644 2229 4719 unde
2269 4642 2579 4718 eruditos
2597 4702 2617 4732 ,
2665 4644 2979 4720 liberales
2998 4703 3018 4733 ‚
3068 4645 3288 4720 iustos
3328 4651 3401 4719 et
3439 4651 3633 4720 tena-

605 4787 718 4837 ces
770 4763 1102 4862 propositi
1122 4821 1144 4853 ‚
1209 4763 1300 4839 ab
1357 4763 1616 4844 animo
1645 4764 1900 4863 pariter
1954 4773 2166 4864 atque
2211 4761 2300 4837 ab
2350 4760 2633 4862 ingenio
2677 4762 2984 4838 excultos
3024 4764 3206 4840 cives
3245 4764 3471 4865 patria
3516 4788 3633 4839 ex-

607 4890 868 4984 spectat
915 4891 988 4958 et
1034 4882 1324 4986 flagitat.
1425 4883 1699 4961 Talium
1745 4883 1932 4961 enim
1977 4883 2276 4962 virorum
2321 4881 2513 4983 ipsa,
2561 4889 2643 4958 ut
2688 4882 2872 4960 salva
2912 4909 3063 4963 esse
3112 4886 3369 4984 possit,
3419 4909 3635 4986 quam

2449 5003 2454 5008 ’
3059 5008 3151 5082 18
