4934 6184
1333 674 1462 739 126
2425 677 2479 744 1.
2548 675 2623 742 A.
2692 674 2759 744 C.
2830 673 3269 745 ROVERS

1331 906 1468 982 que
1535 881 1710 958 mihi
1777 879 1854 956 in
1920 881 2050 958 bac
2113 903 2322 959 causa
2387 881 2707 984 displicet
2770 882 3195 986 negligentia
3268 875 3727 977 antiquitatis.
3848 879 4064 960 Quod
4134 905 4361 982 quum

1331 1003 1490 1080 dico
1508 1061 1530 1094 ,
1597 1003 1685 1079 A.
1712 1003 1794 1078 A.
1817 1061 1838 1092 ‚
1903 1025 2137 1078 vereor
2152 1061 2174 1094 ,
2241 1029 2334 1079 ne
2393 1004 2711 1084 nonnulli
2774 1004 3179 1080 subrideant
3242 1005 3623 1076 statuentes
3642 1058 3663 1088 ,
3724 1000 4215 1100 antiquitatem
4268 1003 4361 1078 ad

1331 1147 1460 1198 nos
1521 1123 1697 1198 nihil
1759 1125 2120 1224 pertinere.
2223 1124 2362 1199 Sed
2425 1125 2558 1200 hoc
2622 1125 2868 1200 leniter
2922 1125 3107 1214 fer-03
3169 1121 3340 1223 quin
3394 1119 3661 1218 aliquid
3714 1121 4035 1220 speculae
4080 1126 4227 1210 est,
4278 1129 4358 1196 ut

1325 1243 1539 1320 iidem
1609 1245 1720 1320 vel
1778 1246 2126 1322 arrideant
2183 1245 2358 1322 mihi
2419 1245 2530 1320 vel
2558 1243 2901 1346 ,progredi
2958 1268 3073 1320 me
3122 1267 3346 1342 aequo
3394 1240 3629 1316 animo
3676 1241 3950 1330 sinant,
4000 1243 4353 1342 quampri-

1325 1389 1526 1442 mum
1597 1365 1766 1442 haec
1837 1365 2258 1466 acceperint:
2329 1364 2656 1466 equidem
2728 1365 3145 1464 antiquitate
3214 1361 3601 1439 admodum
3676 1361 3981 1438 delector
3996 1421 4019 1452 ,
4094 1363 4355 1438 multos

1327 1486 1690 1585 scriptores
1755 1488 2053 1562 Graecos
2129 1497 2200 1562 et
2257 1486 2543 1562 Latinos
2598 1483 2837 1586 magni
2893 1484 3103 1573 facio,
3168 1507 3409 1558 verum
3470 1479 3683 1581 longe
3736 1481 3941 1558 abest
3986 1490 4069 1557 ut
4118 1484 4353 1560 omnia

1323 1606 1623 1682 admirer
1679 1613 1750 1682 et
1807 1607 2024 1682 oolam
2047 1665 2068 1696 ‚
2139 1631 2318 1706 quae
2381 1617 2643 1682 veteres
2710 1605 3035 1681 dixerunt
3088 1603 3485 1680 feceruntve
3502 1660 3524 1692 ‚
3588 1609 3700 1692 et,
3766 1602 3828 1678 si
3890 1603 4051 1702 quis
4113 1609 4317 1703 putat
4334 1662 4357 1693 ,
4434 1673 4448 1688 ,

1324 1722 1500 1800 mihi
1563 1731 1862 1799 aetatem
1921 1730 2229 1799 nostram
2279 1749 2362 1798 eo
2407 1724 2781 1800 feliciorem
2826 1725 3055 1800 visum
3096 1722 3181 1797 iri
3202 1781 3223 1812 ‚
3293 1748 3435 1823 quo
3468 1723 3693 1823 magis
3744 1747 3819 1798 se
3864 1723 4019 1824 ipsa
4069 1747 4351 1823 compo·

1323 1869 1488 1922 nere
1552 1852 1840 1920 conetur
1905 1844 1996 1919 ad
2051 1843 2537 1920 florentissima
2595 1851 2907 1920 veterum
2964 1853 3275 1943 tempora
3292 1903 3314 1932 ,
3378 1851 3705 1920 truncum
3764 1869 3881 1920 me
3925 1851 3999 1920 et
4047 1845 4357 1946 stipitem

1323 1963 1578 2040 habeat
1622 1987 1904 2038 necesse
1947 1971 2088 2052 est,
2137 1964 2264 2062 qui
2307 1964 2513 2040 velim
2556 1965 2659 2039 τὰ
2706 1953 3083 2042 ἀδύνατα.
3126 2013 3134 2024 ·
3184 1963 3327 2038 Sed
3378 1963 3497 2040 hio
3544 1965 3791 2040 aetatis
3828 1972 4104 2040 nostrae
4145 1965 4357 2040 causa

1325 2083 1560 2182 agitur
1618 2083 1707 2158 de
1760 2083 2031 2182 generis
2097 2083 2386 2158 humani
2445 2083 2943 2183 progressione.
3042 2083 3393 2158 Nolumus
3430 2083 3643 2160 nullis
3683 2109 3823 2160 non
3866 2083 4315 2184 opinionibus
4332 2143 4357 2172 ,

1325 2227 1502 2302 quas
1559 2203 2030 2301 exemplorum
2079 2211 2336 2278 temere
2379 2203 2747 2279 allatorum
2790 2203 3147 2280 diversitas
3190 2204 3668 2293 commendat,
3722 2215 4083 2303 tamquam
4122 2205 4349 2279 flucti-

1323 2324 1460 2397 bus
1507 2321 1838 2421 quassari.
1951 2323 2302 2398 Nauseam
2347 2331 2581 2398 creant
2622 2325 2953 2399 clamores
2998 2323 3089 2399 ab
3137 2323 3418 2398 alterius
3460 2324 3683 2398 utrius
3728 2323 4047 2399 fortunae
4094 2323 4349 2400 fiducia

1320 2443 1629 2544 profecti.
1730 2443 1850 2518 Ad
1901 2449 2158 2518 certam
2205 2467 2522 2517 normam
2560 2443 2897 2518 iudicium
2943 2444 3241 2542 dirigere
3274 2443 3521 2543 placet.
3620 2443 3905 2518 Praesto
3946 2451 4054 2519 est
4104 2443 4351 2519 Histo-

1318 2564 1624 2664 riologia.
1724 2565 1922 2640 Haec
1983 2562 2166 2636 notis
2209 2561 2635 2661 quibusdam
2676 2563 3014 2662 distingui
3060 2564 3275 2663 inque
3326 2563 3546 2638 varias
3584 2571 3815 2663 partes
3856 2563 4183 2639 distribui
4224 2589 4347 2664 po-

1316 2691 1494 2774 test,
1565 2707 1708 2783 quo
1771 2691 2051 2758 nostrae
2111 2682 2581 2758 studiosorum
2620 2683 3078 2760 imbecillitati
3120 2692 3600 2773 succurratur-3
3652 2684 3777 2759 sed
3822 2684 3977 2785 ipsa
4016 2709 4159 2760 una
4200 2693 4309 2759 est
4326 2743 4351 2772 ‚

1317 2801 1633 2888 omnium
1694 2803 2082 2878 seculorum
2140 2811 2384 2902 gentes
2398 2863 2417 2891 ‚
2484 2802 2799 2878 eiusdem
2855 2812 3149 2880 naturae
3192 2803 3409 2880 socias
3430 2863 3453 2894 ,
3500 2811 3689 2880 arcto
3730 2804 4004 2880 vinculo
4046 2803 4349 2903 comple·

1315 2931 1510 2998 ctens
1527 2981 1554 3012 ,
1615 2921 2042 3021 minimeque
2102 2946 2178 2996 se
2235 2923 2466 2998 divelli
2521 2923 2686 2998 sinit
2740 2923 2813 2997 in
2866 2925 3287 3023 gravissimis
3329 2925 3417 3000 de
3475 2949 3727 3024 genere
3774 2925 4084 2999 humano
4132 2947 4347 3022 quae·

1315 3043 1680 3118 stionibus.
1779 3041 1898 3117 Ad
1941 3065 2097 3118 eam
2145 3041 2569 3142 exigendum
2614 3049 2723 3118 est
2770 3042 2949 3118 illud
2967 3101 2987 3132 ,
3037 3043 3227 3142 quod
3272 3045 3443 3120 haec
3491 3053 3681 3120 aetas
3723 3043 4011 3142 quaerit.
4086 3043 4347 3116 Nostra

1311 3163 1570 3239 intueri
1631 3164 1920 3238 interest
1989 3161 2210 3262 ipsius
2280 3171 2571 3238 naturae
2634 3163 2977 3262 sortisque
3026 3163 3375 3240 humanae
3426 3163 3806 3264 imaginem
3826 3221 3848 3252 ,
3898 3163 3974 3238 in
4020 3162 4343 3263 gentium

1187 3285 1222 3322 '
1317 3283 1457 3358 vita
1503 3305 1920 3381 expressam.

1417 3401 1754 3476 Ordimur
1789 3401 1880 3475 ab
1933 3401 2258 3491 Oriente,
2307 3403 2434 3478 ubi
2476 3409 2641 3479 sunt
2686 3403 3109 3480 incunabula
3152 3411 3408 3482 nostra.
3510 3402 3702 3480 Hine
3755 3402 4019 3480 delatos
4078 3403 4151 3478 in
4202 3403 4353 3478 Eu-

1315 3545 1556 3621 ropam
1637 3521 1952 3596 omnium
2027 3521 2330 3600 maxime
2410 3523 2780 3600 advertunt
2846 3525 3095 3600 Graeci
3156 3531 3227 3600 et
3293 3525 3615 3600 Romani.
3738 3524 3901 3600 Alia
3968 3529 4347 3600 cernuntur

1316 3641 1560 3717 multa.
1659 3641 1732 3714 N
1733 3665 1822 3716 on
1881 3665 2072 3717 sacra
2125 3641 2362 3716 eadem
2385 3701 2404 3730 ‚
2470 3667 2610 3718 non
2668 3642 2893 3720 civilia
2936 3643 3257 3718 instituta
3274 3703 3297 3734 ,
3361 3668 3501 3720 non
3544 3645 3685 3718 vita
3736 3642 4115 3720 domestica
4134 3700 4155 3732 ,
4204 3665 4347 3718 non

1317 3760 1584 3861 ingenii
1653 3760 2010 3836 excolendi
2071 3761 2414 3861 praesidia
2475 3771 2548 3838 et
2608 3764 3181 3862 opportunitates.
3282 3763 3441 3840 Hoc
3496 3759 3865 3839 discrimen
3914 3762 4347 3840 animadver-

1319 3881 1486 3956 tisse
1555 3905 1806 3981 parum
1847 3865 2003 3958 'est
2103 3881 2424 3958 Indolem
2482 3882 2893 3958 discriminis
2956 3883 3055 3960 sic
3114 3884 3413 3985 perspici
3468 3890 3779 3985 oportet,
3836 3892 3919 3960 ut
3978 3883 4355 3960 manifesto

1319 4009 1648 4100 appareat
1665 4059 1686 4089 ,
1733 4025 1907 4078 num
1951 4001 2208 4080 mentis
2249 4002 2429 4078 vires
2444 4060 2466 4092 ‚
2516 4002 2783 4079 homini
2822 4002 3087 4079 inditae
3107 4063 3128 4093 ,
3180 4029 3329 4080 sese
3368 4004 3731 4104 paullatim
3776 4012 4097 4080 exserant
4138 4011 4213 4079 et
4256 4003 4351 4078 ad

1318 4121 1580 4196 maiora
1649 4120 1960 4199 tendant.
2059 4123 2148 4197 In
2211 4123 2394 4198 viam
2463 4130 2537 4198 et
2588 4121 2723 4198 alia
2770 4122 3040 4198 ducunt
3088 4131 3159 4199 et
3203 4148 3361 4200 vero
3402 4125 3593 4200 haec.
3692 4125 3945 4200 Oriens
3985 4125 4185 4200 sedes
4236 4132 4349 4199 est

1314 4239 1870 4316 monarchiarum
1887 4299 1907 4330 ,
1977 4265 2152 4340 quas
2212 4241 2566 4338 absolutas
2628 4249 2913 4338 vocant,
2976 4268 3195 4344 eaque
3240 4245 3599 4345 regiminis
3640 4243 3861 4320 forma
3878 4302 3901 4334 ,
3968 4269 4011 4319 e
4054 4245 4346 4345 patriar·

1313 4361 1508 4438 ehica
1549 4360 1814 4436 ratione
1857 4367 2008 4436 orta
2029 4418 2052 4450 ,
2097 4360 2493 4461 polygamifi
2527 4361 2857 4461 omnique
2896 4363 3074 4440 vitae
3120 4364 3539 4442 domesticae
3576 4363 3973 4440 conditione
3998 4365 4347 4452 firmatur,

1315 4480 1604 4557 Graecia
1657 4488 1730 4556 et
1789 4481 1994 4557 Italia
2044 4482 2557 4582 monogamiam
2610 4481 2907 4583 probant
2948 4490 3023 4558 et
3068 4482 3251 4561 cives
3298 4509 3381 4560 eo
3426 4483 3767 4560 libertatis
3814 4507 4025 4560 sensu
4073 4483 4349 4560 ducun-

1311 4607 1430 4674 tur
1447 4658 1469 4688 ,
1515 4601 1632 4677 cui
1673 4600 1748 4675 in
1799 4601 2340 4703 Rebuspublicis
2391 4602 2539 4678 suis
2588 4601 2977 4679 satisfacere
3026 4604 3353 4680 student=
3413 4603 3557 4680 illic
3600 4603 3975 4680 auctoritas
4028 4601 4347 4679 sacerdo-

1310 4726 1466 4794 tum
1521 4727 1714 4796 tanta
1733 4777 1754 4808 ,
1819 4731 2084 4820 quanta
2127 4721 2356 4799 ubivis
2393 4723 2537 4798 fere
2578 4723 2823 4800 ceteris
2868 4730 3071 4800 nocet
3120 4724 3213 4801 ad
3250 4724 3517 4826 ingenii
3556 4723 3827 4801 cultum
3846 4783 3869 4814 ,
3918 4722 4037 4798 hic
4078 4721 4351 4822 gravis·

1312 4835 1566 4912 simum
1637 4838 1900 4939 ingenii
1965 4841 2320 4920 excolendi
2377 4841 2959 4943 impedimentum
3006 4867 3149 4922 una
3192 4869 3355 4923 cum
3407 4844 3770 4928 ordinibus
3816 4869 3859 4920 a
3910 4867 3987 4922 se
4036 4841 4343 4920 invicem.
