4934 6184
1898 678 2457 749 ORATIO.
3573 681 3701 749 109

666 913 812 966 van
876 888 1382 976 Hoennnosr‚
1431 885 1610 962 Phil.
1670 885 1926 965 Theor.
1969 887 2141 967 Litt.
2185 889 2406 968 Hum.
2472 899 2545 967 et
2587 892 2731 968 Iur.
2778 885 2983 964 Rom.
3034 892 3107 964 et
3154 885 3345 964 Hod.
3365 926 3375 934 -
3396 887 3473 964 in
3515 888 3695 964 Aca-

665 1011 894 1086 demia
935 1009 1585 1111 Lugduno·Batava
1639 1007 1861 1084 Cand.
1882 1065 1905 1100 ,
1947 1009 2072 1108 qui
2088 1059 2140 1099 ,-
2173 1009 2495 1087 instituto
2543 1034 2629 1086 ex
2676 1011 2831 1111 lege
2872 1007 3188 1084 examine
3206 1067 3229 1098 ,
3273 1015 3697 1086 commenta·

663 1131 872 1206 tionis
933 1139 1285 1206 auctorem
1351 1152 1426 1204 se
1488 1127 1770 1204 abunde
1827 1128 2163 1229 probavit.
2272 1130 2586 1207 Alterius
2650 1127 3249 1232 commentationis
3266 1111 3697 1229 'scriptorem

663 1251 970 1350 prodidit
1012 1275 1085 1327 se
1139 1251 1304 1324 Ion.
1354 1249 1508 1326 IAc.
1557 1247 2074 1340 Scamnum,
2123 1249 2194 1325 in
2236 1250 2456 1328 Acad.
2506 1249 2957 1350 Groningana
3002 1250 3148 1324 Iur.
3194 1248 3417 1326 Cand.

594 1349 608 1368 ’
759 1368 879 1444 Ad
953 1367 1428 1468 quaestionem
1445 1425 1467 1456 ,
1533 1390 1674 1465 qua
1727 1373 2011 1466 rogatur
2091 1394 2128 1436 n
2144 1366 2878 1445 Fideicommissorum
2918 1369 2995 1444 in
3036 1367 3271 1444 Patria
3321 1367 3606 1444 historia
3621 1370 3692 1457 ‚³⁹

664 1513 882 1566 unam
924 1495 1202 1566 tantum
1249 1487 1444 1562 Ordo
1487 1486 2145 1564 Iurisconsultorum
2196 1487 2460 1588 accepit
2504 1488 3157 1565 commentationem
3200 1487 3331 1564 hoc
3372 1487 3698 1565 lemmate

665 1608 1114 1709 insignitam:
1187 1638 1224 1678 n
1242 1608 1345 1682 les
1400 1605 1890 1682 substitutions
1951 1612 2109 1681 sont
2153 1605 2591 1705 prohib6es.’'
2691 1607 2822 1682 Est
2864 1605 2985 1681 illa
3028 1606 3130 1681 ita
3178 1606 3565 1708 conscripta
3614 1615 3700 1683 ut

665 1737 824 1802 tum
889 1727 1280 1804 studiorum
1347 1725 1776 1826 diligentiam
1851 1731 2004 1799 tum
2066 1724 2239 1800 iuris
2305 1725 2515 1800 etiam
2586 1725 2805 1801 civilis
2863 1726 3252 1802 doctrinam
3308 1728 3702 1826 probaverit

667 1849 980 1947 scriptor.
1101 1847 1358 1922 Fontes
1421 1845 1724 1921 maxime
1790 1844 1962 1920 iuris
2026 1844 2234 1944 patrii
2296 1845 2569 1944 antiqui
2588 1903 2609 1935 ,
2660 1846 2786 1946 qui
2841 1845 2936 1922 ad
2998 1846 3188 1924 hunc
3250 1847 3421 1923 iuris
3466 1847 3699 1925 locum

665 1975 982 2067 spectant
1003 2026 1024 2055 ,
1088 1989 1502 2066 cognoscere
1575 1965 1886 2053 studuit,
1955 1965 2394 2064 quaestiones
2451 1965 2839 2066 complures
2899 1966 3037 2043 huc
3090 1966 3515 2067 pertinentes
3558 1975 3697 2044 tra·

665 2087 913 2192 ctavit3
984 2087 1108 2163 sed
1129 2145 1152 2175 ‚
1214 2111 1340 2186 pro
1399 2087 1688 2162 historia
1739 2085 2427 2161 fideicommissorum
2448 2143 2469 2175 ,
2540 2085 3005 2185 dogmaticam
3062 2071 3437 2163 elaboravit
3490 2087 3703 2164 huius

669 2208 800 2284 loci
848 2206 1393 2306 explicationem.
1512 2203 1967 2282 Desideratur
2013 2204 2253 2303 itaque
2273 2263 2294 2295 ,
2343 2229 2525 2304 quae
2579 2205 2689 2279 vel
2736 2205 2809 2278 in
2854 2205 3096 2304 primis
3145 2205 3458 2305 quaesita
3523 2206 3660 2283 fuit
3680 2266 3703 2297 ‚

675 2327 1035 2426 explicatio
1073 2325 1362 2401 rationis
1381 2383 1400 2415 ,
1451 2349 1591 2423 qua
1637 2325 1712 2401 in
1765 2324 2052 2426 diversis
2102 2325 2364 2424 patriae
2413 2331 2689 2400 nostrae
2712 2324 3129 2425 ,regionibus
3177 2327 3706 2404 fideicommissa

663 2448 754 2522 in·
801 2472 1008 2522 usum
1063 2447 1367 2548 primum
1419 2444 1744 2534 inducta,
1792 2445 2000 2520 latius
2047 2443 2299 2520 deinde
2349 2452 2767 2546 propagata,
2818 2468 2979 2520 mox
3021 2445 3537 2546 circumscripta
3582 2457 3707 2524 aut

671 2567 943 2644 sublata
1003 2567 1295 2655 fuerint;
1363 2565 1436 2640 in
1484 2589 1626 2666 quo
1668 2563 1952 2664 quidem
1996 2573 2406 2665 argumento
2451 2565 2930 2666 indagandum
2975 2566 3260 2656 fuisset,
3310 2591 3523 2667 quam
3562 2567 3708 2644 vim

617 2687 622 2692 ’
667 2688 740 2762 in
799 2687 988 2762 hunc
1046 2684 1218 2760 iuris
1279 2683 1580 2759 Romani
1633 2683 1864 2759 locum
1906 2708 2068 2758 cum
2110 2708 2280 2758 usus
2323 2683 2454 2759 fori
2472 2736 2494 2775 ‚
2542 2691 2697 2759 tum
2744 2683 3107 2762 doctorum
3154 2686 3457 2762 virorum
3500 2713 3709 2787 opera

667 2805 1002 2906 temporis
1067 2803 1365 2879 decursu
1427 2802 1820 2879 habuerint.
1903 2789 2158 2882 Quam
2215 2804 2311 2880 ob
2379 2828 2529 2879 rem
2602 2829 2810 2881 aureo
2857 2805 3144 2906 quidem
3189 2807 3494 2912 praemio
3544 2809 3707 2884 scri-

671 2933 944 3024 ptorem
1001 2922 1456 2998 condecorare
1501 2946 1642 2997 non
1684 2921 1955 3023 potuit,
2012 2921 2432 2999 laudandam
2476 2930 2711 2999 tamen
2750 2923 2903 3000 eius
2958 2949 3099 3001 non
3146 2926 3499 3026 vulgarem
3550 2927 3709 3004 dili-

671 3044 980 3145 gentiam
1024 3067 1176 3118 esse
1218 3041 1594 3118 arbitratus
1642 3050 1748 3117 est
1766 3100 1787 3131 ,
1837 3067 2127 3141 eamque
2172 3042 2453 3144 publica
2503 3043 2981 3121 testificatione
3040 3046 3543 3124 declarandam.

764 3165 1018 3262 Itaque
1059 3161 1291 3262 palam
1342 3187 1426 3237 eo
1473 3169 1752 3238 evocato
1773 3219 1793 3250 ,
1842 3185 1930 3239 ac·
1967 3161 2314 3262 resignata
2357 3162 2637 3239 scedula
2656 3222 2678 3253 ,
2742 3165 3143 3266 scriptorem
3184 3191 3337 3243 esse
3389 3169 3709 3269 apparuit

669 3284 1149 3358 BnnManuu
1201 3281 1572 3358 Doanour
1631 3280 1846 3356 Mens
1865 3339 1885 3370 ,
1935 3306 1976 3356 e
2019 3305 2202 3381 pago
2245 3283 3357 3388 Garmerwolde-Groninganum‚
3406 3288 3589 3364 Iuris
3632 3289 3707 3364 in

669 3401 890 3478 Acad.
961 3398 1144 3476 Trai.
1215 3399 1436 3475 Cand.
1455 3459 1477 3489 ,
1541 3401 1660 3476 cui
1699 3400 1951 3499 ‚itaque
2000 3400 2267 3476 dictum
2313 3402 2787 3479 testimonium
2840 3403 3295 3482 honorificum
3338 3408 3470 3484 erit
3512 3407 3705 3486 exhi-

668 3522 998 3599 bendum.

768 3643 1018 3742 Itaque
1084 3649 1167 3714 tu
1189 3699 1208 3730 ‚
1275 3641 1646 3717 Drnnmon
1715 3663 1864 3716 vm
1926 3613 2395 3717 Hodmmoar
2413 3698 2435 3731 ‚
2492 3641 2777 3719 Iuvenis
2826 3643 3315 3720 ornatissime!
3385 3645 3459 3720 in
3517 3646 3705 3723 hunc

673 3773 1115 3863 suggestum,
1160 3786 1418 3861 quaeso
1434 3820 1454 3851 ,
1518 3760 1940 3838 adscendas!

685 3893 692 3900 '
768 3884 878 3956 En
947 3906 1236 3958 aureum
1303 3883 1688 3982 praemium
1704 3941 1726 3970 ,
1803 3881 1993 3979 quod
2057 3879 2296 3956 victori
2361 3880 2523 3969 tibi,
2592 3881 2811 3980 ipsius
2876 3881 3095 3981 Regis
3159 3882 3663 3982 Angustissimi
3682 3943 3702 3973 ,

678 4006 1086 4080 Gmmml
1133 4003 1250 4076 111
1271 4060 1292 4091 ,
1359 4002 1674 4091 nomine,
1739 4001 2120 4076 traditurus
2181 4025 2362 4076 sum.
2482 4001 2781 4100 Egregie
2845 4009 2928 4076 tu
2981 4011 3211 4102 partes
3260 4011 3417 4079 tuas
3464 4005 3701 4104 egisti!

669 4125 764 4198 Et
826 4111 1188 4197 Leidensis
1235 4121 1655 4198 Academiae
1709 4121 2068 4220 antiquam
2115 4120 2372 4196 famam
2394 4178 2414 4211 ,
2483 4128 2557 4195 et
2610 4120 2875 4198 avitum
2936 4124 3171 4222 gentis
3224 4132 3389 4200 tuae
3450 4150 3705 4203 nomen

674 4254 958 4320 strenue
1011 4243 1232 4316 tuitus
1277 4266 1376 4318 es.
1477 4242 1710 4318 Macte
1757 4243 2010 4317 virtute
2059 4242 2218 4317 tua!
2301 4240 2458 4317 Sint
2505 4265 2669 4316 sane
2712 4266 2891 4341 quos
2933 4251 3299 4344 paternum
3344 4245 3520 4322 illud
3562 4247 3703 4322 avi-

675 4373 975 4463 tumque
1034 4362 1246 4438 decus
1303 4370 1539 4437 oneret
1595 4363 1818 4464 magis
1880 4387 2092 4462 quam
2156 4369 2374 4438 ornet.
2474 4362 2586 4437 Tu
2630 4363 2902 4463 generis
2947 4364 3377 4441 nobilitatem
3428 4367 3703 4465 egregie

675 4481 1102 4560 sustinuisti!
1204 4482 1344 4556 Fac
1391 4480 1492 4556 ita
1546 4508 1792 4584 pergas
1815 4542 1836 4571 ,
1882 4481 2306 4558 nobilissime
2353 4480 2683 4580 idemque
2726 4482 3159 4558 ornatissime
3201 4507 3351 4557 vm
3396 4483 3699 4558 Hoonn·

671 4605 900 4680 nour!
1004 4603 1157 4678 Iam
1213 4601 1400 4676 enim
1452 4627 1594 4677 non
1645 4611 1922 4678 tantum
1973 4627 2138 4702 erga
2191 4625 2400 4676 avum
2447 4609 2653 4676 tuum
2675 4661 2695 4689 ,
2742 4602 2971 4676 virum
3014 4602 3537 4678 celeberrimum
3560 4661 3580 4691 ,
3629 4611 3700 4678 et

673 4749 838 4826 erga
903 4730 1166 4824 patrem
1188 4780 1209 4810 ‚
1279 4721 1502 4796 virum
1573 4723 1928 4824 egregium
1948 4780 1968 4810 ,
2033 4745 2248 4820 puero
2307 4719 2436 4794 tibi
2497 4727 2813 4818 ereptum
2831 4779 2851 4809 ‚
2920 4720 3043 4796 sed
3093 4745 3257 4822 erga
3305 4729 3376 4798 te
3424 4746 3699 4823 quoque

671 4849 822 4946 ipse
891 4843 1381 4944 obligationem
1443 4868 1689 4919 novam
1751 4841 1952 4942 quasi
2013 4839 2451 4931 contraxisti,
2509 4840 2724 4916 talem
2772 4848 2843 4917 te
2896 4843 3423 4944 praestiturum,
3474 4844 3701 4946 qualis
