4934 6184
1371 661 1497 726 182
2167 662 2216 724 1.
2283 658 2693 724 HISSINK
2756 659 3111 724 lANsEN
3174 657 3581 724 ORATIO.

1362 868 1478 943 cui
1549 865 1720 965 quid
1789 865 1986 938 triste
2051 863 2336 940 accidat.
2457 868 2621 945 Quo
2680 866 2897 967 igitur
2958 864 3188 940 animo
3256 865 3457 954 estis,
3524 887 3745 964 quum
3810 865 4095 941 iuvenili
4168 876 4395 944 vestra

1363 993 1588 1062 aetate
1655 984 1906 1082 aliquis
1971 1007 2012 1057 e
2074 1007 2362 1061 numero
2427 995 2654 1062 vestro
2711 987 2896 1062 diem
2960 1009 3167 1062 suum
3232 994 3663 1086 postremum
3724 983 3913 1060 obit!
3996 986 4057 1059 Ε
4112 986 4393 1064 casibus

1365 1104 1704 1180 eiusmodi
1771 1127 1936 1179 sane
2000 1103 2214 1180 illud:
2269 1113 2591 1180 memento
2662 1109 2834 1180 mori
2854 1164 2874 1194 ‚
2942 1105 3314 1206 obstrepit,
3384 1129 3563 1205 quae
3630 1127 3763 1180 vox
3808 1128 3937 1180 nos
3988 1104 4393 1183 exhortatur

1360 1224 1451 1301 ad
1495 1232 1763 1299 rectum
1806 1225 1984 1300 vitae
2028 1249 2236 1300 usum
2259 1283 2280 1314 ,
2329 1225 2669 1324 quamdiu
2716 1222 2883 1302 aura
2931 1226 3112 1302 vesci
3158 1224 3361 1300 nobis
3406 1224 3769 1324 contingit.
3864 1306 3870 1313 ,

1457 1345 1795 1420 Nonnulli
1840 1352 2144 1421 vestrum
2193 1345 2433 1421 morbo
2451 1405 2473 1434 ‚
2524 1347 2647 1446 qui
2693 1346 3089 1446 nuperrime
3134 1346 3417 1420 demum
3460 1346 3533 1420 in
3588 1345 3761 1420 urbe
3806 1345 4102 1444 grassari
4144 1345 4380 1435 desiit,

1361 1467 1641 1539 fuerunt
1700 1465 1935 1539 afflicti
1993 1463 2116 1539 sed
2131 1523 2152 1554 ‚
2219 1465 2536 1564 quamvis
2582 1467 2879 1566 graviter
2918 1465 3183 1554 affecti,
3230 1465 3727 1542 convaluerunt
3772 1474 4027 1541 tamen.
4130 1469 4385 1543 Gratu-

1358 1585 1584 1662 lamur
1647 1585 1846 1660 vobis
1911 1585 2523 1662 convalescentiam
2593 1587 2797 1662 istam
2870 1595 2939 1660 et
3010 1587 3345 1662 laetamur
3412 1586 3633 1660 salvos
3704 1609 3823 1660 eos
3882 1610 4033 1660 esse
4078 1587 4387 1662 redditos

1359 1704 1502 1780 suis
1521 1762 1541 1793 ‚
1592 1705 2012 1780 Academiae
2031 1764 2051 1795 ‚
2099 1707 2398 1782 civitati!
3351 1705 3358 1720 '

1453 1822 1737 1900 Lubens
1795 1831 2010 1900 testor
2064 1827 2312 1900 rectori
2365 1824 2540 1900 mihi
2594 1825 2766 1900 nihil
2811 1850 2854 1900 a
2899 1825 3091 1900 vobis
3140 1825 3545 1923 contigisse,
3609 1825 3799 1923 quod
3838 1827 4187 1924 potuisset
4236 1853 4386 1902 esse

1363 1946 1750 2042 ingratum3
1818 1969 2046 2044 neque
2107 1946 2242 2020 alia
2303 1946 2567 2021 ratione
2634 1945 2897 2019 vosmet
2956 1945 3171 2044 ipsos·
3201 1943 3375 2017 mihi
3435 1943 3852 2042 praebuistis
3898 1970 4110 2044 quam
4154 1947 4395 2044 quales

1351 2070 1768 2138 rectoratum
1829 2064 2070 2139 adiens
2141 2063 2314 2138 mihi
2375 2073 2788 2164 optaveram.
2892 2065 3087 2144 Quin
3148 2070 3313 2138 sunt
3366 2064 3547 2138 facta
3596 2088 3639 2139 a
3688 2064 3883 2139 vobis
3933 2066 4091 2140 talia
4112 2125 4134 2153 ‚
4208 2091 4390 2165 quae

1231 2223 1234 2226 ·
1351 2181 1518 2256 boni
1581 2207 1822 2258 omnes
1887 2182 1961 2256 in
2017 2183 2210 2258 vobis
2275 2185 2456 2259 ultro
2521 2184 2807 2260 laudant
2829 2241 2849 2272 ‚
2948 2183 3247 2259 maxime
3302 2183 3669 2259 coniuncta
3736 2207 3899 2259 cum
3957 2185 4375 2261 novitiorum

1349 2301 1548 2377 aditu
1608 2301 1701 2376 ad
1764 2301 2236 2378 Academiam.
2338 2305 2555 2379 Recte
2617 2305 2693 2377 id
2748 2311 2933 2380 certo
2996 2303 3315 2378 effecistis
3333 2362 3355 2390 ‚
3424 2311 3505 2378 ut
3562 2304 3704 2378 iam
3761 2303 3933 2379 nihil
3982 2304 4069 2379 sit
4088 2364 4109 2393 ‚
4178 2309 4373 2404 quod

1349 2421 1582 2496 studia
1635 2445 1876 2496 eorum
1940 2421 2372 2521 aliquamdiu
2455 2424 2830 2522 impediat,
2878 2467 2980 2484 --
3026 2423 3217 2521 quod
3274 2446 3497 2520 quum
3564 2423 3977 2512 sustulistis,
4040 2433 4379 2500 monstra-

1347 2541 1542 2616 vistis
1562 2598 1584 2631 ,
1627 2541 2046 2620 Academiae
2095 2542 2390 2618 salutem
2434 2543 2629 2619 vobis
2672 2541 3000 2618 omnibus
3040 2567 3191 2616 esse
3238 2567 3487 2620 caram.
3587 2544 3801 2622 Quod
3842 2552 3923 2620 ut
3964 2544 4191 2642 magis
4236 2569 4382 2620 ma-

1344 2657 1592 2759 gisque
1636 2660 1848 2735 etiam
1893 2667 2130 2760 pateat
2173 2687 2262 2736 ex
2303 2662 2543 2737 ardore
2562 2720 2583 2751 ,
2626 2686 2767 2761 quo
2818 2661 3068 2736 studiis
3110 2661 3350 2736 vestris
3396 2686 3677 2761 operam
3724 2687 3973 2739 navare
4024 2664 4334 2765 pergatis
4358 2723 4377 2752 ‚

1336 2778 1786 2856 vehementer
1841 2788 2120 2880 exopto.
2221 2783 2334 2856 Ita
2381 2781 2569 2855 enim
2624 2788 2697 2856 et
2746 2781 3162 2856 Academiae
3229 2781 3364 2856 hoc
3420 2787 3729 2881 tempore
3784 2790 3855 2857 et
3900 2783 3974 2858 in
4020 2791 4377 2882 posterum

1347 2900 1604 2998 patriae
1652 2907 1930 2977 nostrae
1979 2901 2338 2978 universae
2385 2910 2791 2980 ornamento
2838 2899 3065 2976 eritis!

1445 3141 1738 3239 Iamque
1797 3163 2057 3215 munus
2111 3164 2428 3216 annuum
2496 3142 2693 3217 trado
2750 3142 3030 3216 Rectori
3070 3141 3437 3240 magnifico
3484 3142 3556 3215 in
3597 3165 3858 3218 annum
3900 3145 4297 3241 proximum
4344 3171 4387 3219 a

1347 3259 1544 3354 Rege
1626 3257 2120 3356 augustissimo
2193 3268 2455 3349 creato,
2536 3305 2633 3322 --
2708 3261 2841 3334 tibi
2916 3261 3165 3335 Parus
3243 3262 3619 3336 Ionmnns
3688 3283 3837 3335 vau
3899 3261 4377 3339 Knacxnorr.

1347 3373 1546 3447 Salve
1606 3373 1733 3448 Vir
1793 3375 2229 3452 Clarissime!
2323 3381 2477 3454 Iam
2538 3379 2793 3454 Rector
2855 3379 3262 3477 magnifice!
3338 3380 3605 3456 Munus
3649 3387 3853 3456 tuum
3899 3405 4031 3456 non
4080 3383 4375 3458 maiores

1343 3492 1696 3568 molestias
1719 3551 1740 3582 ,
1807 3519 1939 3570 nec
1993 3495 2329 3572 minorem
2397 3499 2821 3597 voluptatem
2882 3496 3013 3572 tibi
3074 3498 3338 3574 adferat
3362 3557 3381 3587 ,
3436 3525 3649 3599 quam
3692 3500 3927 3578 attulit
3971 3500 4159 3576 mihi.
4262 3504 4372 3578 Sit

1341 3635 1568 3690 annus
1608 3621 1988 3691 rectoratus
2033 3613 2140 3690 tui
2179 3614 2453 3692 faustus
2502 3616 2919 3694 Academiae
2946 3674 2966 3705 ‚
3022 3617 3113 3692 sit
3156 3617 3427 3694 faustus
3474 3619 3659 3709 tibi,··
3701 3612 3743 3695 a
3793 3621 3943 3696 Deo
3984 3643 4362 3719 precamur.

2731 4301 2982 4362 DIXI.
