4934 6184
1310 651 1443 720 258
2305 649 2500 719 VAN
2541 645 3002 720 BONBVAL
3045 647 3366 716 FAURE

1310 863 1533 940 trinae
1602 858 1985 936 subtilitate
2048 880 2131 934 ac
2194 855 2514 958 diligenti
2601 855 3096 958 principiorum
3177 851 3623 956 indagatione
3691 851 4094 954 requireret.
4217 857 4360 938 De·

1314 983 1527 1082 nique
1604 1003 1733 1056 neo
1800 977 1995 1080 parvi
2060 975 2459 1054 iaciendum
2539 977 2732 1077 quod
2801 1002 2846 1054 a
2907 978 3214 1054 Bsoonn
3279 974 3920 1052 Iureoonsultorum
4000 977 4364 1076 proprium

1308 1103 1609 1190 dicitur,
1696 1129 1733 1171 u
1754 1105 2113 1234 tamquam
2172 1123 2215 1174 e
2278 1097 2572 1174 vinculis
2625 1097 3193 1176 sermocinandi’'
3243 1095 3580 1174 studium.
3679 1095 3842 1172 Hoc
3881 1104 4120 1172 autem
4165 1097 4359 1174 codi-

1308 1247 1428 1300 ces
1478 1222 1725 1298 saltem
1786 1243 1931 1296 non
1992 1217 2329 1294 minuisse
2378 1218 2714 1354 equidem
2775 1241 3030 1318 negans
3097 1241 3242 1294 non
3303 1217 3556 1294 ausim.
3658 1217 3851 1294 Hinc
3918 1219 4130 1294 verba
4183 1219 4357 1320 legis

1309 1352 1545 1420 tenere
1617 1340 1938 1442 plurimis
1984 1363 2261 1416 summa
2332 1339 2480 1416 visa
2545 1337 2918 1438 prudentia
2965 1343 3078 1414 est
3141 1345 3215 1414 et
3281 1336 3562 1440 leguleii
3609 1337 3811 1414 facile
3859 1363 3987 1440 pro
4033 1338 4358 1418 Iureoon·

1310 1465 1515 1541 sultis
1564 1461 1811 1539 habiti.

1408 1587 1561 1661 Neo
1628 1581 1887 1658 mirum
1954 1581 2033 1656 in
2104 1589 2341 1656 nostra
2408 1579 2622 1656 etiam
2691 1579 2914 1679 patria
2975 1577 3410 1680 exegetioum
3475 1577 3654 1654 illud
3711 1577 4026 1654 studium
4095 1579 4362 1656 diutius

1310 1731 1521 1808 quam
1564 1726 1690 1806 par
1724 1709 1909 1778 esset
1946 1700 2463 1777 Iureconsultos
2507 1699 2834 1776 tenuisse.
2909 1698 3314 1774 Dominatio
3359 1699 3598 1800 legum
3623 1699 4180 1776 Franciearum
4156 1701 4360 1776 mris-

1312 1826 1723 1928 prudentiae
1786 1825 2001 1900 etiam
2050 1821 2420 1898 Francieae
2477 1829 2724 1922 sponte
2791 1819 3034 1896 stravit
3093 1819 3298 1896 viam.
3411 1819 3704 1896 Codices
3749 1819 4126 1920 peregrini,
4183 1845 4362 1920 quos

1308 1971 1541 2022 rerum
1606 1946 2079 2047 politicarum
2106 1941 2522 2020 conditionis
2589 1965 2802 2016 eausa
2867 1940 3078 2016 nimis
3130 1939 3258 2015 diu
3307 1940 3614 2042 viguisse
3657 1941 4016 2029 novimus,
4039 1942 4358 2042 impedi-

1310 2077 1547 2144 mento
1624 2074 1821 2142 erant
1896 2065 2273 2164 quominus
2351 2063 2465 2138 ius
2537 2061 2736 2138 civile
2793 2085 2876 2136 eo
2953 2062 3290 2136 coleretur
3359 2085 3590 2136 amore
3653 2085 3734 2136 ao
3801 2062 4032 2137 studio
4099 2063 4362 2162 quibus

1308 2187 1575 2286 patrius
1634 2183 1853 2258 codex
1896 2183 2157 2282 dignus
2206 2179 2426 2256 videri
2481 2179 2770 2256 deberet
2827 2189 2910 2256 ut
2951 2179 3494 2281 iul-inprudentia
3539 2207 3696 2258 vere
3747 2183 3964 2284 patria
4009 2177 4356 2260 foveretur

1308 2331 1389 2382 ac
1456 2311 1995 2404 promoveretur.
2110 2303 2277 2402 Ipso
2338 2309 2578 2377 autem
2627 2325 2804 2376 novo
2867 2301 3102 2378 codice
3157 2303 3598 2404 promulgato
3617 2363 3638 2394 ,
3689 2304 3778 2381 ab
3835 2304 3990 2394 illa,
4039 2329 4218 2404 quae
4271 2305 4352 2382 in

1306 2425 1535 2500 Gallia
1592 2423 1735 2498 iam
1798 2421 2162 2522 paullatim
2212 2421 2640 2497 obsoleverat
2693 2421 3066 2498 methodus
3111 2447 3250 2498 non
3309 2424 3478 2500 satis
3525 2425 3734 2500 alieni
3777 2425 3991 2500 fuisse
4035 2425 4356 2500 videntur

1306 2543 1513 2644 patrii
1558 2543 2045 2618 Iureconsulti.
2144 2541 2522 2642 Exegetieo
2573 2543 2828 2618 iterum
2878 2543 3112 2619 studio
3157 2543 3370 2620 nimis
3409 2545 3614 2644 plena
3659 2546 4034 2622 auotoritas
4075 2543 4358 2622 tributa.

1304 2669 1361 2740 F
1362 2665 1611 2741 avebat
1660 2664 1905 2764 lingua
1948 2661 2169 2763 patria
2211 2663 2580 2739 verborum
2621 2663 2802 2764 legis
2853 2663 3348 2754 dominationi;
3407 2689 3536 2740 nec
3575 2665 3778 2742 nobis
3821 2665 4079 2742 desunt
4125 2687 4358 2741 exem-

1306 2787 1463 2887 pla,
1524 2785 1785 2886 quibus
1838 2783 2207 2860 verborum
2266 2783 2400 2859 iste
2465 2785 2700 2859 cultus
2755 2783 3056 2884 speciem
3115 2785 3478 2922 religiosae
3525 2786 3894 2862 cuiusdam
3953 2785 4360 2887 legislatoris

1304 2905 1723 2982 reverentiae
1794 2929 1959 3004 prae
2024 2927 2103 2980 se
2169 2903 2399 2980 ferens
2458 2929 2693 2981 revera
2740 2905 2929 3005 leges
2995 2929 3080 2980 eo
3141 2904 3368 3006 megia
3427 2907 3711 2984 violaret
3761 2933 3904 3008 quo
3953 2907 4178 3008 magis
4225 2907 4362 2984 illis

1302 3027 1559 3102 servire
1606 3026 1975 3102 videretur.

1404 3147 1608 3226 Quae
1654 3171 1875 3247 quum
1921 3146 2111 3236 dico,
2148 3171 2241 3222 ne
2280 3144 2381 3222 ita
2419 3145 2628 3221 velim
2663 3145 3072 3247 intelligatis
3093 3203 3114 3236 ,
3163 3147 3366 3225 AA.!
3415 3147 3618 3249 quasi
3653 3148 3848 3250 parvi
3889 3148 4140 3224 faciam
4179 3171 4356 3248 quae

1303 3269 1432 3344 hac
1502 3269 1715 3344 etiam
1782 3268 1893 3342 via
1940 3267 2033 3344 ad
2092 3267 2266 3342 iuris
2314 3290 2459 3366 quo
2525 3266 2791 3342 utimur
2839 3267 3236 3368 augendam
3297 3293 3380 3344 ac
3435 3269 3976 3406 promovendam
4023 3269 4356 3405 cognitio-

1302 3412 1467 3463 nem
1530 3387 1913 3462 doctissimi
1972 3387 2109 3460 viri
2158 3386 2664 3486 praestiterint;
2730 3389 2858 3464 hoc
2915 3390 3110 3480 v010,
3165 3415 3256 3466 ne
3319 3389 3396 3466 in
3457 3391 3576 3468 illa
3617 3391 3932 3490 quamvis
3967 3391 4352 3466 necessaria

1300 3505 1653 3606 exegetica
1694 3505 1952 3580 codicis
2004 3504 2347 3580 tractandi
2390 3507 2718 3580 methodo
2777 3507 3284 3600 subsistamus,
3345 3511 3468 3586 sed
3507 3535 3910 3611 persuasum
3959 3507 4164 3585 nobis
4222 3509 4346 3586 ha·

1300 3627 1593 3702 beamus
1636 3625 1845 3700 aliam
1890 3625 2178 3725 insuper
2220 3633 2435 3726 atque
2479 3625 2744 3726 regiam
2797 3628 3020 3728 magis
3061 3629 3240 3705 viam
3288 3629 3513 3731 ipsam
3557 3631 3898 3730 requirere
3933 3639 4008 3705 et
4051 3629 4226 3704 iuris
4277 3637 4353 3704 et

1294 3747 1621 3824 codicum
1664 3753 2011 3823 naturam.

1400 3869 1653 3968 Itaque
1718 3893 1943 3970 quum
2006 3869 2360 3971 exegetioo
2420 3868 2742 3946 codicum
2811 3835 3046 3946 studio
3101 3871 3244 3947 iam
3299 3870 3666 3948 accesserit
3715 3895 3896 3970 quae
3945 3870 4024 3944 in
4077 3893 4350 3972 compo·

1303 3988 1553 4063 nendis
1598 3997 1811 4088 atque
1852 3989 2257 4066 ordinandis
2310 3991 2461 4066 eius
2511 3990 2782 4091 placitis
2831 3991 3084 4067 versari
3133 3992 3308 4068 solet
3349 3991 3725 4068 methodus
3779 3991 4214 4092 dogmatica,
4269 4015 4353 4068 eo

1302 4107 1745 4210 pervenimus
1806 4118 1890 4185 ut
1954 4113 2179 4212 magis
2238 4111 2606 4213 magisque
2653 4111 2993 4189 sentiatur
3041 4121 3255 4214 atque
3305 4112 3736 4214 intelligatur
3783 4111 4090 4188 historici
4137 4111 4354 4188 studii
4482 4189 4490 4196 .

1302 4228 1681 4306 necessitas
1718 4229 1813 4306 ad
1852 4239 2114 4307 nectam
2156 4233 2374 4322 iuris,
2420 4234 2613 4332 quod
2661 4233 2931 4309 codices
2975 4233 3389 4310 sanciverint
3407 4293 3428 4324 ,
3473 4233 4027 4334 intelligentiam.

1400 4351 1836 4428 Histoi-icum
1879 4359 2118 4428 autem
2172 4351 2486 4428 studium
2527 4376 2750 4452 quum
2789 4352 2979 4444 dico,
3017 4377 3294 4430 necesse
3345 4355 3632 4456 quidem
3673 4378 3814 4430 non
3864 4355 3996 4430 erit
4035 4353 4348 4430 animad-

1300 4481 1567 4549 vertere
1611 4497 1727 4548 me
1778 4473 1955 4548 illud
1992 4473 2379 4576 intelligere
2422 4474 2626 4550 cuius
2669 4497 2903 4552 veram
2933 4501 3016 4552 ac
3061 4477 3439 4575 genuinam
3489 4475 3795 4552 indolem
3841 4474 4122 4576 egregie
4169 4474 4348 4552 hane

1294 4619 1454 4670 esse
1502 4593 1835 4694 explicuit
1884 4593 2371 4672 celeberrimus
2422 4597 2932 4672 Germanorum
2973 4597 3610 4673 Iureconsultorum
3668 4595 4030 4672 historicae
4077 4595 4350 4672 scholae

1298 4714 1551 4792 merito
1605 4714 1925 4816 princeps
1942 4775 1963 4806 ,
2024 4725 2108 4793 ut
2166 4725 2634 4820 perscrutetur
2684 4725 2898 4816 atque
2963 4727 3161 4795 eruat
3225 4719 3399 4818 quid
3465 4743 3554 4794 ex
3619 4717 3707 4792 iis
3769 4716 4030 4817 quibus
4081 4716 4343 4792 utimur

1298 4832 1573 4909 iuribus
1624 4833 1789 4911 huie
1842 4835 2029 4912 illive
2096 4836 2310 4914 aetati
2366 4836 2476 4914 vel
2529 4836 2790 4938 populo
2847 4836 3300 4916 tribuendum
3361 4838 3494 4932 sit',
3539 4837 3798 4940 cuique
3847 4845 4080 4916 autem
4129 4857 4343 4912 suum
