4934 6184
1845 685 2400 760 ORATIO.
3510 693 3639 760 241

593 925 754 976 mus
771 958 792 990 ,
843 898 969 977 ubi
1007 899 1442 975 emendatrix
1484 897 1722 974 critica
1751 921 2044 975 manum
2073 899 2265 998 operi
2289 897 2543 975 debeat
2571 896 2935 976 admovere
2955 954 2974 985 ‚
3024 898 3391 997 praecipue
3420 897 3493 972 in
3518 898 3603 973 iis
3623 957 3643 987 ,

596 1019 719 1119 qui
759 1044 887 1095 suo
925 1019 998 1094 in
1033 1042 1285 1119 genere
1325 1043 1584 1120 paucos
1625 1018 1886 1095 habent
1927 1018 2188 1094 similes
2226 1026 2352 1095 aut
2389 1019 2665 1094 nullum
2685 1076 2706 1107 ‚
2749 1016 2923 1093 utin
2956 1017 3331 1108 HonA'no,
3364 1019 3487 1118 qui
3519 1042 3647 1094 suo

595 1139 668 1213 in
717 1163 970 1239 genere
1017 1139 1388 1240 singularis
1439 1146 1568 1215 est.
1637 1139 1732 1213 Et
1771 1139 2182 1239 plerumque
2219 1139 2308 1214 de
2331 1136 2569 1214 dubiis
2592 1138 2885 1238 singulis
2906 1137 2981 1211 in
3006 1137 3171 1212 locis
3194 1162 3451 1238 magno
3484 1164 3647 1214 cum

595 1259 916 1336 acumine
961 1246 1246 1359 prolatis
1287 1259 1363 1334 in
1413 1259 1608 1334 nullo
1652 1264 1934 1334 auctore
1979 1265 2282 1336 statuere
2321 1259 2485 1334 licet
2503 1317 2524 1349 ‚
2592 1259 2729 1334 nisi
2775 1259 2849 1333 in
2894 1251 3299 1334 universum
3340 1267 3647 1347 constet,

592 1405 808 1479 quam
863 1378 1252 1456 libertatem
1321 1380 1395 1456 in
1481 1377 1784 1455 dictione
1802 1436 1825 1469 ,
1897 1403 2111 1478 quam
2178 1379 2682 1481 negligentiam
2744 1379 2820 1454 in
2864 1379 3075 1454 rebus
3114 1379 3219 1454 illi
3266 1380 3652 1456 adscribere

590 1500 869 1576 audeas.
970 1501 1183 1580 Quod
1233 1509 1314 1575 ut
1374 1508 1560 1576 recte
1619 1500 1743 1575 fiat
1759 1557 1782 1590 ,
1841 1523 1984 1576 non
2033 1500 2110 1576 in
2159 1500 2454 1602 singulis
2504 1499 2931 1576 haerendum
2948 1557 2971 1590 ,
3030 1500 3155 1575 sed
3200 1526 3286 1576 ex
3335 1511 3654 1576 accurata

590 1620 882 1696 lectione
917 1627 990 1694 et
1027 1620 1608 1695 commentatione
1647 1619 1881 1721 imago
1925 1622 2274 1721 quaedam
2320 1627 2392 1696 et
2429 1619 2693 1722 species
2729 1618 2931 1696 nobis
2974 1620 3313 1721 cuiusque
3352 1621 3650 1699 auctoris

591 1747 664 1814 et
706 1746 950 1839 poetae
989 1739 1486 1815 conformanda
1526 1749 1636 1815 est
1661 1797 1680 1828 ‚
1721 1741 1816 1817 ad
1869 1724 2097 1841 quam'
2129 1741 2408 1841 singula
2427 1799 2448 1830 ‚
2494 1742 2685 1815 velut
2722 1740 2815 1816 ad
2842 1741 3175 1816 amussim
3197 1800 3218 1831 ,
3265 1725 3647 1841 exigamus,

593 1862 795 1940 Quae
819 1859 879 1934 si
898 1859 1074 1934 forte
1116 1884 1256 1935 non
1278 1862 1700 1959 respondeat
1721 1861 2270 1939 inconsideratae
2295 1860 2739 1938 admirationi
2764 1859 3199 1960 superiorun!
3223 1871 3611 1961 temporum
3634 1921 3653 1948 ,

595 1990 826 2057 tamen
872 1979 1349 2080 incorruptum
1388 1981 1570 2056 illud
1595 1982 1910 2060 veritatis
1943 1984 2254 2059 studium
2285 1981 2781 2058 existimationi
2808 1990 3117 2057 veterum
3140 1981 3317 2056 nihil
3338 1981 3655 2067 nocebit;
3772 2061 3777 2064 ,

595 2101 720 2177 sed
754 2101 940 2177 velut
973 2102 1180 2179 amici
1219 2102 1476 2178 amicos
1509 2102 1816 2204 diligunt
1833 2163 1854 2194 ‚
1897 2105 2156 2205 quibus
2187 2103 2481 2178 virtutes
2508 2103 2721 2177 simul
2752 2109 2823 2177 et
2850 2126 3111 2176 errores
3132 2109 3202 2176 et
3226 2101 3657 2176 imbecillita-

593 2231 738 2297 tem
782 2231 1032 2298 natura
1069 2222 1314 2299 eadem
1357 2222 1651 2313 insevit,
1714 2247 1798 2300 ea
1832 2222 2328 2324 temperatione
2373 2229 2456 2296 ut
2478 2279 2499 2310 ,
2552 2220 2691 2295 nisi
2738 2220 2897 2319 quis
2936 2220 3243 2295 indolem
3282 2220 3657 2320 exstirpare

595 2334 790 2432 velit,
842 2341 1058 2418 altera
1119 2343 1209 2418 ab
1265 2343 1500 2418 alteris
1552 2341 1787 2416 divelli
1835 2349 2224 2442 nequeant,
2274 2342 2374 2417 ita
2417 2365 2579 2416 cum
2626 2339 2973 2414 veteribus
3018 2365 3530 2429 assuescemus‚
3585 2349 3657 2415 et

591 2487 755 2539 cum
802 2461 988 2537 vitiis
1019 2487 1260 2538 eorum
1301 2463 1525 2552 bona,
1567 2486 1748 2561 quae
1772 2462 1997 2536 multo
2023 2463 2286 2539 maiora
2307 2467 2473 2536 sunt
2491 2517 2511 2549 ‚
2556 2465 3083 2558 compensantes
3111 2484 3235 2558 per
3262 2461 3655 2535 animorum

591 2581 946 2680 quandam
999 2581 1486 2681 cognationem
1535 2606 1664 2659 nos
1721 2582 1796 2657 in
1848 2607 2090 2660 eorum
2149 2607 2358 2658 usum
2409 2588 2485 2658 et
2531 2577 3078 2657 familiaritatem
3120 2578 3656 2656 insinuabimus.

690 2701 906 2782 Quod
948 2701 1008 2775 si
1048 2725 1176 2777 nos
1220 2703 1568 2803 Philologi
1617 2725 2072 2803 assequemur
2086 2763 2107 2794 ‚
2157 2711 2420 2780 veteres
2437 2761 2458 2793 ‚
2510 2701 2645 2778 etsi
2694 2725 2835 2775 non
2882 2689 3253 2798 antiquum
3295 2699 3655 2799 dignitatis

591 2822 819 2898 locum
889 2821 1160 2922 possint
1228 2847 1628 2924 recuperare
1649 2882 1671 2913 ,
1739 2831 1975 2900 tamen
2042 2825 2268 2924 magis
2327 2823 2757 2899 diversarum
2826 2819 3080 2895 artium
3144 2817 3471 2895 studiosis
3527 2844 3654 2920 per

589 2951 898 3018 nostram
971 2967 1047 3017 se
1114 2967 1396 3042 operam
1466 2943 2093 3036 commendabunt,
2167 2943 2711 3044 disciplinaeque
2784 2948 3059 3017 nostrae
3125 2947 3197 3016 et
3256 2940 3654 3040 antiquitati

591 3061 1084 3140 conciliabunt.

690 3305 796 3379 Eo
843 3305 1258 3380 contendere
1303 3313 1384 3381 ut
1413 3307 1588 3382 mihi
1629 3307 2063 3408 propositum
2099 3315 2208 3383 est
2227 3365 2248 3398 ,
2294 3306 2448 3383 VV.
2475 3306 2634 3383 AA.
2654 3365 2674 3396 ,
2724 3307 2935 3382 huius
2976 3304 3396 3380 Academiae
3432 3301 3649 3377 Cura·

593 3430 774 3498 tores
789 3481 810 3512 ,
859 3423 958 3499 ita
1003 3432 1238 3499 tamen
1279 3426 1504 3501 multa
1545 3427 1944 3526 promittere
1999 3426 2402 3503 reformidat
2447 3428 2745 3502 animus.
2846 3425 3165 3501 Muneris
3180 3482 3199 3513 ,
3244 3423 3434 3523 quod
3478 3423 3655 3498 mihi

590 3542 1018 3643 imposuistis
1035 3600 1058 3633 ‚
1107 3543 1242 3618 etsi
1283 3544 1376 3619 ad
1425 3545 1757 3622 honorem
1807 3544 2318 3647 amplissimum
2337 3604 2360 3637 ‚
2411 3547 2504 3622 ad
2552 3545 3060 3622 humanitatem
3112 3541 3652 3644 promovendam

591 3663 1080 3764 gravissimum
1119 3671 1262 3751 est,
1309 3665 1730 3762 persentisco
1772 3671 2008 3740 tamen
2053 3665 2400 3741 ambitum
2441 3672 2514 3740 et
2554 3664 3052 3740 difficultatem.
3132 3662 3322 3736 Illud
3364 3661 3651 3760 quidem

591 3781 938 3858 confidere
1007 3781 1270 3870 audeo,
1337 3781 1518 3872 Vos,
1579 3782 1704 3881 qui
1761 3805 1878 3856 me
1935 3783 2128 3857 nulla
2177 3807 2334 3858 mea
2383 3783 2717 3882 petitione
2737 3841 2757 3872 ,
2808 3805 3052 3880 parum
3102 3803 3227 3878 per
3276 3803 3387 3855 me
3429 3777 3651 3852 Vobis

595 3901 952 4001 cognitum
973 3958 993 3990 ‚
1054 3901 1148 3978 ad
1209 3925 1570 3978 summum
1617 3902 1946 3977 honorem
2013 3901 2413 3991 averteritis,
2463 3927 2723 4002 aequos
2768 3899 2945 3976 mihi
2993 3899 3265 3974 futuros
3312 3905 3385 3974 et
3440 3898 3648 3974 bene-

595 4020 786 4098 volos
842 4019 1130 4096 iudices.
1249 4021 1526 4099 Gratias
1587 4030 1672 4097 ut
1730 4020 1952 4096 Vobis
2009 4046 2216 4122 agam
2285 4045 2510 4122 quum
2568 4047 2709 4098 non
2761 4020 3164 4097 desideretis
3178 4079 3197 4108 ,
3246 4017 3402 4095 VV.
3447 4019 3604 4094 AA.
3628 4077 3649 4106 ,

597 4139 788 4240 quod
831 4141 1035 4216 unice
1079 4141 1292 4218 huius
1330 4143 1752 4220 Academiae
1789 4143 2152 4219 commoda
2195 4151 2505 4244 spectare
2548 4143 2824 4220 soleatis
2839 4201 2860 4233 ,
2901 4166 3041 4218 non
3084 4149 3321 4216 tamen
3366 4139 3649 4214 reticere

597 4285 886 4362 possum
906 4319 927 4351 ,
978 4285 1194 4360 quam
1239 4263 1414 4338 mihi
1467 4272 1666 4364 grata
1709 4263 1806 4338 sit
1846 4263 1967 4339 illa
2011 4263 2216 4339 statio
2277 4263 2458 4340 vitae
2474 4324 2495 4356 ,
2558 4290 2699 4366 qua
2748 4272 2977 4346 totum
3026 4287 3140 4337 me
3184 4260 3431 4336 litteris
3484 4259 3648 4333 dare

598 4380 859 4481 possim
877 4439 898 4470 ,
945 4405 1074 4458 nec
1129 4383 1534 4482 quotidiana
1577 4383 1938 4484 occupatio
1971 4384 2364 4460 studiorum
2397 4410 2681 4462 cursum
2724 4385 2816 4460 sit
2850 4382 3293 4484 impeditura.
3360 4380 3647 4454 Vestrae

601 4525 714 4578 me
783 4501 912 4579 hoc
979 4502 1364 4604 integritati
1429 4502 1680 4578 debere
1697 4561 1720 4594 ,
1781 4511 2024 4605 gratus
2076 4505 2402 4603 equidem
2451 4505 2671 4582 refero
2722 4514 2793 4580 et
2850 4525 3170 4603 agnosco.
3268 4502 3643 4599 Exspecta·

517 4711 528 4724 .
597 4620 774 4696 tioni
845 4631 1144 4712 vestrae,
1213 4621 1273 4698 si
1337 4647 1478 4723 qua
1535 4632 1643 4700 est
1659 4683 1680 4714 ‚
1753 4649 1880 4725 pro
1944 4625 2124 4701 virili
2184 4633 2379 4725 parte
2426 4623 2841 4724 respondere
2906 4622 3203 4697 studebo
3218 4678 3238 4710 ,
3285 4618 3644 4718 Vobisque

598 4765 1007 4841 persuasum
1059 4740 1310 4819 habete
1329 4800 1348 4831 ,
1395 4768 1511 4818 me
1563 4745 1796 4820 studio
1839 4744 2126 4845 quidem
2167 4752 2241 4822 et
2285 4746 2639 4822 voluntate
2684 4743 2757 4817 in
2800 4743 3219 4818 Academiae
3265 4739 3647 4818 commodis

599 4861 1082 4961 promovendis
1142 4863 1410 4965 nemini
1465 4889 1845 4942 cessurum.
3088 4923 3093 4930 -

3111 4987 3153 5058 3
3166 4989 3199 5058 1
