4934 6184
1341 693 1474 764 254
2309 690 2503 760 VAN
2560 687 3019 758 BONEVAL
3076 687 3426 758 FAURE·

1343 881 1722 982 condendis
1767 899 1974 999 plane
2021 919 2172 974 esse
2219 896 2559 998 imparem
2576 898 2613 974 Ρ
2685 897 2849 976 Quo
2890 896 3100 972 modo
3144 894 3363 997 igitur
3412 899 3495 972 tu
3536 892 3727 970 illam
3768 915 3932 970 cum
3970 893 4143 993 ipsis
4186 897 4369 973 codi-

1343 1025 1480 1100 bus
1531 1019 1828 1102 conditis
1885 1020 1983 1095 ita
2041 1018 2453 1094 concordare
2514 1019 2873 1095 contendis
2892 1076 2913 1107 ‚
2974 1025 3057 1094 ut
3096 1015 3307 1094 simul
3354 1013 3673 1092 codicum
3720 1013 4087 1090 commoda
4136 1015 4383 1096 laudes.

1341 1169 1422 1220 ac
1471 1144 1765 1218 Savum
1811 1140 2164 1218 doctrinae
2213 1140 2575 1215 veritatem
2624 1139 3005 1239 agnoscas?
3146 1127 3157 1141 ’

1443 1263 1722 1339 Scilicet
1776 1269 1885 1337 cst
1948 1261 2234 1360 quidem
2289 1261 2647 1336 verissima
2706 1258 2825 1336 illa
2876 1260 3172 1334 Suum
3224 1257 3314 1332 de
3370 1255 3543 1332 iuris
3592 1263 3843 1332 natura
3894 1257 4206 1336 doctrina
4248 1263 4369 1336 sed

1340 1385 1490 1460 81118
1549 1383 1842 1459 ulterius
1903 1407 2118 1483 quam
2180 1406 2305 1483 par
2364 1389 2473 1458 est
2538 1379 2853 1456 extendit
2901 1377 3485 1478 consequentiam.
3583 1379 3867 1454 Etenim
3928 1403 4070 1454 1100
4134 1379 4367 1457 huius·

1339 1504 1530 1581 modi
1583 1503 1718 1578 sibi
1767 1505 2126 1604 proposuit
2185 1502 2493 1578 codicem
2548 1501 2909 1578 conditum
2966 1500 3053 1575 iri
3114 1499 3239 1599 qui
3255 1556 3276 1588 ‚
3328 1522 3506 1598 quae
3556 1506 3739 1608 esset
3783 1497 4167 1575 miserrima
4206 1502 4373 1578 iuris

1338 1625 1556 1699 civilis
1617 1624 2036 1713 conditioni,
2089 1631 2432 1723 quantum
2493 1623 2643 1698 fieri
2698 1628 2933 1723 posset
2952 1679 2973 1709 ‚
3020 1619 3419 1696 mederetur
3434 1676 3455 1708 ,
3506 1641 3747 1692 verum
3793 1618 3888 1695 ad
3934 1622 4370 1720 praestantis-

1337 1744 1498 1820 simi
1557 1743 2024 1844 omnibusque
2067 1744 2380 1818 numeris
2437 1741 2741 1818 absoluti
2802 1740 3057 1817 codicis
3116 1738 3451 1838 requisita
3515 1738 3988 1837 quaestionem
4042 1740 4235 1816 illam
4287 1740 4371 1816 de

1337 1865 1486 1940 eius
1547 1864 2060 1965 opportunitate
2105 1865 2233 1941 ‚vel
2295 1863 2599 1938 utilitate
2666 1862 2919 1960 exegit.
3020 1862 3273 1958 Itaque
3328 1883 3469 1934 non
3518 1865 3795 1934 tantum
3842 1859 4019 1936 hanc
4068 1867 4369 1940 nostram

1335 1991 1636 2059 aetatem
1699 1985 1888 2082 operi
1956 1984 2294 2084 imparem
2352 2007 2503 2057 esse
2566 1982 2877 2071 censuit,
2942 1981 3065 2056 sed
3129 1980 3239 2056 vel
3304 1981 3577 2055 nullum
3636 2003 3947 2080 unquam
4006 1977 4373 2058 venturu-m

1335 2127 1485 2178 esse
1547 2114 1826 2203 tempus
1893 2128 2035 2202 quo
2094 2103 2272 2176 illud
2327 2127 2505 2201 opus
2566 2103 2695 2176 rite
2752 2102 2989 2200 perfici
3046 2107 3327 2200 posset,
3396 2099 3743 2198 siquidem
3788 2099 3905 2175 illa
3952 2109 4183 2190 aetas,
4232 2126 4371 2202 qua

1333 2223 1680 2323 perfectus
1741 2223 2028 2296 demum
2082 2223 2300 2298 codex
2343 2222 2791 2318 conderetur
2854 2223 2974 2297 1110
3020 2246 3159 2296 non
3208 2221 3574 2320 indigeret.
3676 2219 3934 2297 Verum·
3980 2222 4366 2311 enimvero,

1307 2359 1566 2418 ‘nonne
1603 2344 1698 2417 sic
1727 2351 1962 2476 tamen
1993 2367 2362 2441 agnoscere
2392 2343 2664 2476 videtur
2700 2343 2803 2414 vir
2834 2341 3255 2417 clarissimus
3288 2341 3543 2477 codicis
3566 2341 4019 2454 necessitatem
4040 2341 4367 2418 exsistere

1335 2585 1496 2659 licet
1559 2581 1940 2681 perfectum
1995 2605 2136 2656 non
2207 2581 2500 2671 condat,
2564 2581 2701 2682 ipsi
2754 2589 2989 2657 tamen
3046 2581 3147 2656 illi
3192 2581 3587 2658 necessitati
3626 2603 3779 2683 pro
3779 2537 4063 2664 viribus
4110 2583 4373 2658 satisfa-

1337 2704 1513 2792 ciat,
1577 2727 1702 2792 ne,
1747 2701 2049 2802 perfecta
2105 2703 2541 2779 solummodo
2586 2727 2963 2803 quaerens,
3025 2701 3210 2778 bona
3260 2727 3401 2777 non
3456 2709 3733 2778 tantum
3774 2695 4095 2779 amittere
4140 2727 4374 2780 verum

1336 2825 1430 2900 ad
1476 2822 1780 2924 peiorem
1831 2823 2043 2896 etiam
2093 2823 2567 2898 conditionem
2618 2823 2849 2900 delabi
2894 2823 3370 2923 periclitetur?
3877 2842 3889 2852 ·

1435 2942 1592 3017 Iam
1657 2965 1816 3016 vero
1881 2939 2060 3016 hanc
2129 2949 2438 3017 nostram
2496 2950 2796 3017 aetatem
2852 2942 3023 3016 iuris
3084 2941 3301 3016 civilis
3348 2941 3705 3018 codicibus
3744 2967 3975 3020 881818
4024 2945 4139 3020 vix
4181 2969 4377 3046 posse

1334 3063 1574 3162 negari
1631 3061 1822 3137 1181111
1876 3067 2131 3162 potest.
2231 3061 2591 3160 Quicquid
2650 3060 2739 3135 de
2801 3061 3007 3136 variis
3056 3061 3285 3138 causis
3340 3061 3735 3160 disputatur
3788 3071 3861 3138 et
3906 3057 4376 3164 opportunita-

1335 3180 1528 3255 tibus
1547 3238 1568 3268 ‚
1617 3180 1877 3280 quibus
1919 3180 2060 3256 iam
2106 3179 2270 3254 inde
2321 3205 2362 3255 a
2405 3179 2639 3254 medio
2688 3181 2963 3256 saeculo
3010 3179 3347 3279 superiori
3390 3182 3663 3258 codices
3704 3185 4047 3284 expetitos
4080 3193 4376 3262 818010-

1337 3299 1700 3374 mendatos
1753 3325 1906 3375 esse
1978 3301 2300 3376 novimus
2319 3359 2340 3390 ,
2401 3325 2607 3376 nemo
2668 3302 2915 3377 saltem
2982 3301 3241 3376 infitias
3293 3301 3464 3390 ibit,
3527 3312 3863 3404 perpetuo
3908 3330 4051 3380 non
4092 3313 4376 3382 'tantum

1341 3419 1534 3516 apud
1590 3419 1902 3514 singulos
1950 3419 2244 3516 populos
2291 3429 2579 3496 auctum
2623 3447 2775 3496 esse
2818 3447 3058 3498 verum
3102 3422 3419 3498 omnium
3466 3423 3639 3498 adeo
3678 3423 3750 3498 in
3796 3426 4115 3524 Europae
4156 3427 4387 3501 conti*-

1343 3541 1554 3610 nente
1590 3535 2020 3609 excultorum
2052 3539 2468 3635 populorum
2508 3565 2874 3615 commune
2908 3541 3252 3616 exstitisse
3286 3544 3595 3618 codicum
3622 3542 4041 3620 desiderium
4059 3603 4081 3634 ,
4116 3567 4389 3650 unum-0

1343 3677 1482 3755 que
1538 3661 1698 3753 post
1765 3654 2060 3730 alterum
2117 3657 2388 3732 codices
2445 3655 2582 3733 sibi
2644 3660 2877 3736 civiles
2926 3642 3357 3752 condidisse3
3408 3687 3793 3763 numquam
3832 3687 3994 3739 vero
4046 3665 4135 3740 118
4178 3665 4376 3744 abro-
4446 3684 4525 3768 313.
4596 3647 4608 3654 ’

1345 3772 1596 3874 gaudis
1644 3773 1732 3849 iis
1752 3833 1773 3865 ,
1839 3799 2017 3873 quos
2073 3777 2210 3875 ipsi
2259 3779 2733 3855 condidissent
2772 3781 3041 3858 codices
3062 3839 3083 3872 ‚
3144 3782 3373 3882 deque
3424 3784 3663 3884 priori.
3684 3791 3873 3860 statu
3914 3782 3990 3858 in
4032 3783 4386 3885 integrum
4452 3807 4498 3866 .’

1349 3894 1778 3970 restituendo
1825 3898 2298 3993 quaestionem
2346 3899 2619 3976 fuissse.
4431 3897 4457 3946 Γ

1453 4014 1728 4092 Quodsi
1777 4015 2226 4093 nibilominus
2279 4019 2434 4118 ipsa
2492 4021 2611 4095 1118
2664 4022 2958 4096 Savum
3010 4021 3323 4100 doctrina
3372 4025 3461 4100 118
3510 4025 3683 4100 iuris
3726 4032 4019 4116 natura,
4070 4027 4383 4124 quamvis

1353 4131 1446 4207 811
1495 4133 1906 4209 contrariam
1951 4135 2040 4210 de
2083 4137 2436 4214 codicibus
2484 4140 2865 4216 condendis
2916 4143 3331 4220 sententiam
3370 4144 3609 4245 ipsum
3644 4145 3957 4234 duxerit,
4009 4144 4382 4222 maximam

1353 4261 1590 4328 tamen
1649 4252 1722 4326 in
1785 4260 2022 4331 nostra
2075 4256 2434 4356 disciplina
2490 4259 2811 4336 habuerit
2856 4263 2998 4339 vim
3044 4265 3585 4366 innumerosque
3632 4275 3837 4341 nacta
3878 4266 3971 4341 sit
4016 4273 4383 4342 sectatores

1349 4372 1533 4448 inter
1578 4397 1696 4448 808
1743 4374 1954 4449 etiam
2013 4375 2202 4450 Ictos
2221 4435 2242 4466 ,
2292 4379 2416 4476 qui
2463 4381 2817 4457 codicibus
2879 4385 3257 4460 condendis
3316 4410 3459 4462 non
3524 4387 4050 4463 adversarentur
4064 4441 4087 4474 ,
4154 4385 4386 4462 denuo

1353 4500 1664 4568 constare
1714 4492 1986 4572 videtur
2025 4519 2164 4572 non
2209 4499 2589 4576 necessario
2634 4499 2795 4576 hinc
2836 4505 3073 4602 sequi,
3118 4513 3303 4580 certe
3350 4505 3567 4582 nimia
3606 4529 3770 4580 cnm
3814 4505 4075 4582 fiducia
4118 4529 4382 4582 asseve-

1353 4609 1491 4686 rari
1531 4617 1839 4686 nostram
1883 4612 2060 4688 hanc
2095 4623 2391 4691 aetatem
2437 4617 2790 4694 codicibus
2830 4621 3206 4699 condendis
3242 4623 3342 4701 ita
3382 4649 3535 4701 esse
3575 4625 3947 4725 imparem,
3998 4632 4081 4700 nt
4120 4625 4211 4701 ab
4256 4625 4381 4701 1108

1357 4751 1560 4826 opere
1608 4729 1954 4808 abstinere
2017 4735 2354 4813 debuerit.
2421 4737 2781 4828 Accedit,
2845 4743 3039 4840 quod
3089 4767 3317 4846 neque
3372 4747 3724 4825 Savmms
3770 4745 3922 4848 ipse
3964 4747 4177 4823 semel
4218 4770 4375 4822 con-

1361 4843 1544 4922 ditos
1583 4849 1850 4928 codices
1890 4851 2322 4956 abrogandos
2371 4881 2521 4933 esse
2566 4861 2930 4939 censuerit.
