4934 6184
1770 703 2327 770 ORATIO.
3479 699 3564 766 51

526 911 933 1011 Requiritur
974 934 1253 1011 prorsus
1276 968 1295 1000 ,
1346 918 1429 985 ut
1478 933 1688 1010 quam
1738 912 2071 989 Cnms‘ro
2124 914 2461 989 debemus
2483 969 2502 1000 ‚
2553 907 2914 1008 unigenito
2959 906 3094 982 Dei
3125 906 3270 984 filio
3299 907 3558 983 eidem·

527 1053 663 1130 que
710 1029 976 1106 homini
1028 1028 1525 1130 perfectissimo
1541 1087 1561 1117 ‚
1624 1028 2025 1130 religionem
2074 1032 2361 1132 eiusque
2409 1031 2484 1104 in
2537 1029 2850 1104 homines
2899 1028 3180 1104 vitiosos
3222 1028 3366 1104 vim
3409 1028 3554 1102 effi-

526 1150 951 1226 cacissimam
972 1207 993 1239 ,
1060 1173 1201 1248 qua
1219 1207 1239 1238 ‚
1300 1157 1581 1247 peccato
1630 1150 1917 1250 eiusque
1978 1153 2253 1228 miseria
2302 1151 2613 1238 liberati,
2661 1150 2735 1224 in
2782 1150 2918 1225 Dei
2969 1150 3198 1225 Patris
3239 1149 3552 1226 commu-

524 1272 801 1346 nionem
870 1270 1171 1346 filiorum
1238 1269 1458 1343 instar
1516 1267 1841 1359 redeant,
1903 1271 2079 1346 bene
2130 1265 2283 1344 sibi'
2304 1269 2655 1369 cognitam
2703 1276 2774 1342 ct
2821 1276 3252 1368 perspectam
3301 1269 3556 1344 habeat

525 1398 736 1490 atque
806 1392 879 1465 in
940 1413 1113 1465 usus
1171 1387 1508 1489 practicos
1562 1398 1955 1465 convertere
2009 1392 2245 1490 possit.
2346 1391 2498 1464 Nec
2557 1396 2790 1464 tamen
2842 1397 3272 1488 perspectam
3320 1396 3550 1487 potest

525 1511 779 1586 habere
797 1571 815 1599 ‚
852 1510 1012 1584 -nisi
1074 1533 1197 1609 per
1246 1509 1625 1608 genuinam
1675 1511 2008 1586 librorum
2056 1512 2421 1586 Sacrorum
2469 1508 3106 1609 interpretationem
3156 1516 3227 1582 et
3275 1533 3552 1584 accura-

526 1638 679 1705 tum
724 1630 1049 1705 historiae
1098 1628 1593 1704 ecclesiasticae
1638 1631 1953 1706 studium
1998 1633 2089 1706 ad
2122 1631 2600 1730 cognoscenda
2633 1637 2906 1704 nostrae
2931 1628 3278 1728 religionis
3303 1630 3556 1729 placita

530 1750 923 1850 dogmatica
978 1755 1051 1824 et
1098 1749 1383 1823 moralia
1425 1748 1715 1849 eiusque
1757 1751 2058 1827 nativam
2107 1753 2411 1827 indolem
2460 1775 2742 1850 prorsus
2791 1749 3096 1824 divinam
3145 1750 3358 1848 probe
3401 1776 3552 1850 per-

524 1871 947 1970 spiciendam
972 1928 992 1959 ‚
1068 1868 1633 1969 philosophorum
1706 1893 1895 1946 more
1914 1929 1934 1958 ‚
2020 1869 2203 1944 felici
2276 1894 2439 1944 cum
2511 1892 2835 1942 successu
2911 1869 3316 1968 pervenerit.
3437 1871 3550 1944 Ne

524 1990 748 2066 dicam
773 2049 793 2078 ‚
862 1990 993 2065 hac
1054 1988 1201 2063 sola
1248 2013 1468 2088 eaque
1509 1989 1701 2088 regia
1746 1990 1853 2064 via
1894 2013 2059 2064 eum
2104 1989 2192 2063 de
2234 1988 2585 2088 religionis
2636 1988 3068 2063 Christianae
3121 1990 3406 2064 veritate
3448 1990 3550 2064 ita

522 2110 656 2184 sibi
698 2109 980 2210 penitus
1029 2108 1441 2208 persuadere
1486 2134 1687 2209 posse
1707 2167 1727 2197 ‚
1778 2121 1859 2184 ut
1902 2134 2057 2185 eam
2108 2109 2259 2184 aliis
2314 2107 2800 2184 commendare
2847 2115 2920 2182 et
2965 2108 3308 2183 inculcare
3347 2133 3547 2199 voce,

518 2231 833 2328 exemplo
880 2229 1159 2329 vitaque
1202 2229 1397 2304 omni
1441 2229 1632 2305 haud
1672 2229 1871 2306 facile
1914 2230 2238 2319 desistat,
2288 2229 2548 2329 quippe
2593 2230 2733 2303 vim
2781 2229 2930 2304 eius
2979 2229 3352 2306 salutarem
3395 2230 3545 2329 ipse

517 2350 593 2424 in
642 2351 827 2426 diem
879 2351 1103 2450 magis
1153 2357 1499 2449 expertus.

614 2471 770 2545 Iam
832 2494 991 2544 vero
1009 2528 1029 2560 ,
1090 2470 1503 2546 Auditoresl
1566 2471 1625 2544 si
1692 2470 1861 2546 haec
1911 2477 2095 2545 recte
2141 2470 2425 2569 quidem
2470 2495 2514 2545 a
2555 2495 2668 2544 me
2717 2470 2904 2546 dicta
2955 2477 3151 2558 sunt,
3211 2469 3300 2544 de
3343 2470 3540 2545 insti-

521 2589 809 2665 tutionis
866 2589 1323 2666 Academicae
1384 2589 1683 2666 utilitate
1731 2601 1803 2666 et
1854 2615 2011 2665 vero
2058 2589 2267 2666 etiam
2324 2590 2730 2665 necessitate
2748 2649 2768 2678 ,
2817 2591 3050 2689 quoad
3097 2588 3547 2688 Theologiam

519 2733 562 2782 a
620 2708 859 2802 futuro
910 2707 1276 2783 Sacrorum
1332 2707 1641 2783 antistite
1692 2709 2093 2784 discendam
2112 2768 2133 2798 ‚
2184 2708 2379 2782 vobis
2422 2710 2871 2808 persuadere,
2920 2709 3137 2786 facilis
3161 2769 3184 2800 ,
3233 2717 3316 2784 ut
3361 2709 3549 2784 vide-

520 2832 672 2914 tur,
722 2850 833 2900 res
884 2836 1012 2903 est.
1111 2828 1311 2902 Haec
1364 2828 1590 2914 enim,
1640 2834 1723 2900 ut
1771 2828 2011 2925 paucis
2056 2828 2337 2924 eloquar
2377 2829 2570 2926 quod
2615 2830 2909 2905 sentiam
2932 2887 2952 2916 ‚
3017 2831 3285 2905 docta
3331 2836 3440 2904 est
3477 2836 3551 2902 et

520 2945 935 3020 liberalis
984 2953 1055 3021 et
1101 2945 1487 3046 practica
1531 2945 1903 3022 institutio.

617 3067 713 3138 Et
758 3064 1015 3140 docta
1058 3066 1345 3164 quidem
1392 3074 1753 3164 propterea
1796 3065 2087 3140 dicenda
2130 3072 2237 3140 est
2254 3125 2274 3154 ‚
2324 3067 2516 3165 quod
2557 3067 2831 3142 nullum
2874 3067 3156 3142 omnino
3201 3048 3550 3142 doctrinae

518 3193 925 3284 apparatum
1001 3209 1349 3284 usumque
1428 3195 1731 3287 respuat.
1846 3187 1935 3259 In
2004 3186 2373 3286 exegeticis
2440 3193 2817 3285 utrumque
2883 3186 3154 3261 Veteris
3221 3187 3550 3285 Novique

520 3305 946 3380 Testamenti
1010 3304 1321 3381 codicem
1345 3365 1365 3396 ‚
1423 3309 1719 3384 alterum
1764 3309 2087 3384 Hebraeo
2107 3369 2127 3398 ,
2189 3309 2485 3384 alterum
2538 3312 2802 3385 Graeco
2846 3333 3160 3385 sermone
3207 3297 3550 3408 conscrip-

520 3433 674 3499 tum
694 3481 715 3514 ,
782 3425 974 3499 omni
1034 3426 1265 3501 studio
1324 3427 1632 3526 explorat
1685 3428 1973 3528 eiusque
2019 3428 2329 3528 singulos
2368 3429 2555 3504 locos
2596 3429 2864 3504 critices
2908 3453 3038 3528 ope
3083 3429 3159 3503 in
3199 3430 3554 3530 integrum

520 3547 882 3621 restituere
923 3552 993 3620 et
1041 3547 1423 3622 secundum
1464 3554 1684 3623 certas
1719 3541 2293 3624 Hermeneutices
2322 3549 2596 3648 regulas
2614 3607 2634 3639 ,
2683 3550 3134 3648 grammatica
3170 3550 3554 3626 subtilitate

520 3665 834 3742 adhibita
893 3666 1345 3765 consultoque
1400 3667 1732 3766 loquendi
1774 3691 1948 3757 usu,
1997 3668 2097 3743 ita
2146 3668 2535 3768 intelligere
2583 3678 2873 3744 conatur
2894 3727 2914 3757 ‚
2968 3677 3049 3743 ut
3097 3655 3170 3744 et
3217 3670 3292 3744 in
3340 3670 3550 3752 libros

519 3785 707 3884 ipsos
782 3809 1157 3886 eorumque
1232 3794 1543 3862 auctores
1610 3788 1987 3887 prudenter
2051 3788 2357 3886 inquirat
2411 3788 2823 3888 ipsumque,
2896 3790 3088 3888 quod
3154 3790 3548 3878 continent,

522 3913 1002 4003 argumentem
1073 3914 1353 3981 strenue
1407 3899 1833 4008 investiget.'
1893 3909 1984 3982 'In
2050 3908 2389 3983 historicis
2453 3906 2706 3982 deinde
2768 3907 2974 4008 ipsos·
3001 3907 3148 3981 adit
3198 3908 3305 3982 vel
3353 3907 3550 3982 abdi-

524 4025 824 4100 tissimos
877 4027 1101 4102 fontes
1120 4086 1141 4116 ‚
1192 4027 1381 4102 unde
1424 4051 1534 4103 res
1581 4019 1753 4103 olim‘
1793 4037 2029 4128 gestae
2070 4035 2611 4127 cognoscantur,
2661 4049 2790 4102 nec
2843 4052 2953 4102 res
2996 4034 3273 4102 tantum
3317 4036 3551 4127 gestas

524 4168 897 4243 earumque
954 4171 1199 4222 causas
1260 4155 1729 4248 perscrutatur
1747 4206 1767 4237 ‚
1834 4148 1958 4222 sed
2000 4155 2073 4222 et
2118 4149 2240 4247 qui
2284 4148 2357 4222 in
2402 4148 2490 4222 iis
2536 4147 2912 4247 prodeant,
2964 4129 3276 4223 hffmines
3327 4173 3548 4254 popu-

523 4263 765 4362 losque
828 4264 1255 4342 Christianos
1316 4268 1649 4344 diiudicat
1704 4275 1777 4342 et
1849 4293 2027 4367 quae
2081 4268 2503 4343 decreverint
2558 4267 2921 4368 dogmata,
2987 4293 3114 4344 nec
3177 4293 3318 4344 non
3373 4293 3548 4368 quos
3655 4329 3662 4340 .

525 4384 935 4460 celebrarint
1000 4387 1173 4460 ritus
1242 4389 1799 4488 ceremoniasque
1852 4413 2077 4464 sacras
2125 4389 2357 4464 critice
2405 4397 2677 4464 enarrat
2722 4396 2794 4464 et
2845 4415 3058 4488 quam
3110 4390 3184 4463 in
3241 4414 3357 4464 eos
3413 4387 3550 4460 vim

530 4503 853 4578 habuerit
898 4503 1247 4604 religionis
1288 4507 1464 4582 illud
1508 4509 1905 4583 institutum
1934 4566 1953 4596 ,
2004 4509 2194 4606 quod
2231 4507 2610 4583 Ecclesiam
2653 4507 3040 4606 appellant,
3084 4505 3297 4580 veluti
3331 4505 3552 4604 digito

528 4632 1066 4700 commonstrare
1127 4624 1393 4701 nititur.
1514 4629 1601 4701 In
1675 4628 2130 4726 systematicis
2200 4652 2438 4726 porro,
2520 4652 2698 4725 quae
2773 4627 3134 4714 dicuntur,
3201 4625 3551 4725 religionis

531 4743 963 4820 Christianae
1026 4745 1409 4821 doctrinam
1470 4747 1933 4846 dogmaticam
1985 4756 2197 4848 atque
2254 4746 2552 4822 ethicam
2573 4805 2593 4834 ‚
2647 4747 2738 4821 ad
2789 4771 3102 4822 normam
3153 4746 3518 4845 Euangelii
3534 4805 3554 4835 ,

526 4865 669 4940 suis
714 4889 754 4940 e
802 4866 1155 4966 principiis
1202 4867 1539 4944 deducere
1558 4926 1579 4963 ,
1630 4868 1722 4944 ad
1765 4867 2331 4970 philosophorum
2384 4865 2845 4945 subtilitatem
2894 4867 3166 4968 exigere
3185 4927 3205 4961 ,
3255 4867 3556 4942 dilucide

1262 4981 1267 4986 ,
2924 4991 2966 5065 7
2982 4987 3025 5036 ι
