4934 6184
1777 939 2563 1050 SERIES
2701 934 4050 1060 LECTIONUM‚

2884 1244 2953 1288 ΙΝ

2052 1481 2628 1564 ΑΟΑΒΕΜῙΑ
2706 1477 3749 1563 LUGDUNo-BATAVA

1721 1795 1727 1802 ·
1888 1759 2484 1836 HABENDABUM,
2520 1758 2717 1822 POST
2756 1759 3036 1822 FEBIAS
3074 1757 3455 1822 AESTIVAS
3494 1761 3701 1822 ANNI
3743 1764 3924 1822 1855.

2399 2481 2896 2559 FAOULTAS
2944 2483 3417 2564 IURIDICA.

1385 2719 1457 2794 S.
1485 2685 1891 2794 vissanum
1931 2719 2369 2820 Statisticam
2397 2719 2673 2797 Patriae
2707 2720 3116 2823 explicabit,
3148 2721 3401 2848 diebus
3420 2719 3702 2809 Lunae,
3734 2719 3987 2796 Martis

1476 2844 1548 2912 et
1595 2839 1968 2929 Mercurii,
2041 2899 2059 2916 .
2140 2894 3979 2929 ..........................
4030 2840 4199 2918 hora
4360 2844 4421 2918 I.

1569 2957 1955 3034 Historiam
1998 2957 2336 3060 Europae
2385 2961 2942 3062 diplomaticam,
2988 2962 3238 3038 iisdem
3287 2958 3537 3036 diebus
3554 3015 3988 3048 .......
4320 2963 4421 3038 Π.

1575 3077 2072 3153 Oeconomiam
2124 3078 2476 3177 politicam
2498 3137 2519 3170 ,
2570 3080 2683 3156 die
2730 3079 2917 3157 Iovis
2936 3137 2957 3168 ,
3002 3085 3013 3094 ‘
3011 3136 3977 3158 ..............
4358 3082 4419 3156 I.

1771 3203 1843 3270 et
1890 3196 2004 3270 die
2048 3195 2340 3272 Veneris
2361 3252 3975 3286 .......................
4080 3199 4231 3274 XII
4254 3205 4326 3274 et
4355 3200 4416 3274 I.

1376 3315 1475 3391 H.
1505 3315 1592 3390 G.
1626 3316 1992 3391 Trmmm
2015 3374 2037 3405 ,
2077 3316 2541 3420 Emeritatum
2580 3322 2829 3390 nactus
2868 3323 2941 3390 et
2978 3339 3253 3392 cessans
3276 3340 3321 3391 a
3340 3313 3929 3391 Praelectionibus
3953 3373 3975 3404 ,

1469 3457 1611 3508 non
1689 3441 1926 3510 tamen
2001 3434 2298 3510 cessabit
2373 3434 2448 3510 in
2530 3435 2917 3510 studiorum
3006 3459 3291 3510 suorum
3365 3433 3599 3510 fructu
3658 3433 3981 3510 lubenter

1471 3553 2062 3629 communicando

1377 3673 1718 3748 C.1.vm
1751 3676 1996 3749 Asan
2037 3675 2601 3774 interpretabitur
2636 3675 3083 3776 Digestorum
3128 3677 3311 3752 locos
3350 3674 3671 3764 selectos,
3720 3674 3969 3750 diebus

1469 3790 1713 3866 Lunae
1735 3850 1756 3880 ,
1804 3790 2056 3866 Martis
2103 3800 2175 3866 et
2222 3793 2555 3868 Mercurii
2567 3850 3962 3882 ....................
4308 3794 4405 3870 X.

1569 3913 1989 3988 lusa-mmm
2008 3913 2544 3988 Institutionum
2565 3911 2778 3989 libros
2794 3913 2900 3988 IV
2910 3937 3073 3989 cum
3090 3913 3509 3990 'ranorum
3525 3912 3970 4011 Paraphrasi,

1667 4029 1912 4105 diebus
1959 4031 2239 4130 Lunae,
2287 4033 2543 4108 Martis
2591 4040 2663 4108 et
2710 4032 3087 4122 Mercurii,
3152 4089 3966 4120 ............
4236 4031 4406 4107 XII.

1566 4148 1692 4221 Ius
1739 4149 1938 4223 civile
1974 4150 2436 4240 hodiernum,
2488 4151 2875 4227 secundum
2912 4152 3426 4272 compendium
3460 4178 3502 4227 a
3542 4175 3616 4225 se
3660 4151 3968 4238 editum,

1664 4267 1912 4342 diebus
1959 4268 2240 4357 Lunae,
2295 4269 2549 4344 Martis
2596 4279 2672 4344 et
2714 4271 3089 4361 Mercurii,
3153 4327 3968 4347 ............
4274 4269 4405 4344 XI.

1561 4387 1854 4486 Legem
1871 4385 2308 4463 Iudiciorum
2356 4387 2784 4486 privatorum
2824 4413 3198 4490 eorumque
3232 4389 3658 4478 Historiam,
3707 4397 3779 4464 et
3819 4411 3967 4464 rem

1655 4504 2085 4582 iudiciariam
2129 4507 2512 4605 privatam,
2562 4508 2675 4584 die
2722 4508 2907 4584 Iovis
2930 4564 3963 4598 ...............
4054 4507 4405 4582 X—XII.

1759 4637 1834 4699 et
1879 4625 1994 4700 die
2043 4626 2374 4717 Veneris,
2422 4653 2586 4704 cum
2632 4628 3259 4706 Exercitationibus
3304 4627 3730 4717 forensibus,
3791 4687 3808 4704 .
3862 4685 3879 4704 .
3934 4686 3954 4704 .
4264 4625 4403 4703 XI.

1553 4747 1938 4820 Auctorum
1994 4747 2434 4823 classicorum
2488 4749 2775 4826 selectos
2816 4749 2999 4826 locos
3041 4749 3134 4825 ad
3177 4751 3303 4826 Ius
3342 4749 3747 4826 Romanum
3802 4771 3957 4848 per·

1656 4861 1960 4937 tinentes
1980 4919 2002 4954 ,
2051 4864 2167 4938 die
2214 4865 2400 4941 Iovis
2417 4922 3954 4956 ......................
4226 4865 4402 4944 XII.
