4934 6184
1743 679 2298 750 ORATIO.
3464 687 3548 753 97

518 888 1018 966 attendendum
1038 945 1059 977 ,
1099 891 1172 960 et
1211 885 1714 962 attendendum
1768 889 2076 988 quotidie
2096 947 2116 977 ,
2168 913 2350 988 quae
2382 887 2705 965 ‘existant
2754 914 2970 966 novae
3010 891 3191 966 inter
3236 892 3553 969 homines

517 1008 1060 1086 necessitudines
1077 1063 1100 1094 ‚
1164 1029 1480 1104 quaeque
1526 1006 1715 1107 leges
1763 1009 1862 1083 ita
1904 1009 2016 1083 vel
2061 1008 2539 1084 desiderentur
2582 1033 2865 1108 prorsus
2870 1067 2905 1118 ζ
2968 1011 3075 1085 vel
3114 1011 3255 1086 iam
3292 1007 3552 1111 ‘parum

511 1135 713 1226 aptae
770 1153 920 1203 esse
977 1126 1361 1201 videantur.
1462 1126 1554 1200 Id
1605 1151 1761 1202 vero
1817 1127 1900 1234 in·
1938 1128 2180 1228 primis
2235 1127 2552 1204 attendat
2604 1129 2954 1228 legislator
2973 1188 2993 1219 ,
3045 1131 3270 1230 legem
3310 1133 3521 1207 scribi
3530 1190 3552 1221 ,

358 1270 381 1291 ¹
513 1247 638 1321 sed
678 1249 790 1322 ius
833 1250 1028 1323 nasci
1042 1305 1062 1336 ,
1111 1244 1204 1320 ad
1249 1245 1418 1320 iuris
1467 1270 1782 1322 normam
1822 1248 1923 1324 ita
1968 1249 2384 1324 revocandas
2425 1273 2577 1323 esse
2627 1274 2873 1328 omnes
2925 1250 3145 1350 leges3
3209 1251 3284 1325 in
3330 1252 3554 1350 patria

511 1374 745 1442 autem
802 1367 987 1466 Regi
1043 1374 1254 1465 atque
1312 1366 1553 1466 populi
1607 1367 1964 1467 Delegatis
2022 1369 2511 1470 legislatoriam
2562 1376 2978 1466 potestatem
3040 1393 3180 1443 non
3246 1394 3397 1446 esse
3449 1370 3559 1444 vel

511 1493 984 1561 conservatam
1031 1485 1140 1561 vel
1173 1485 1493 1562 oblatam
1514 1545 1536 1574 ,
1601 1494 1682 1560 ut
1730 1487 2004 1585 iniquas
2062 1494 2188 1561 aut
2233 1486 2515 1560 inutiles
2568 1485 2758 1584 leges
2812 1493 3257 1576 conservent,
3306 1488 3433 1562 sed
3476 1497 3559 1562 ut

511 1629 630 1680 eas
685 1604 793 1680 vel
842 1605 1246 1694 emendent,
1307 1605 1414 1681 vel
1460 1630 1621 1681 cum
1669 1607 1909 1705 aequis
1950 1605 2346 1705 populoque
2393 1601 2691 1678 utilibus
2730 1614 3184 1681 commutent.
3285 1606 3561 1685 Quodsi

509 1723 880 1800 laudamus
951 1725 1172 1824 ipsius
1248 1725 1420 1823 legis
1489 1727 2037 1821 fundamentalis
2116 1749 2294 1823 quae
2375 1722 2665 1830 dicitur,
2737 1725 2934 1823 quasi
2998 1751 3139 1801 non
3210 1725 3519 1802 moribus
3537 1786 3557 1816 ,

509 1841 851 1916 institutis
906 1849 1114 1942 atque
1164 1843 1447 1920 historia
1465 1903 1486 1932 ,
1537 1845 1660 1919 sed
1704 1869 2082 1945 paucorum
2135 1844 2580 1920 articulorum
2634 1843 2867 1920 codiee
2912 1851 3251 1945 tanquam
3283 1850 3554 1942 funda-

511 1969 728 2034 mento
775 1961 1040 2036 nitatur
1081 1965 1304 2062 patria
1322 1997 1341 2052 ;
1393 2007 1491 2020 —
1541 1964 1792 2063 quodsi
1812 2023 1833 2052 ,
1882 1964 2036 2040 dico
2055 2023 2075 2053 ‚
2126 1964 2491 2039 laudamus
2526 1964 2745 2062 ipsius
2791 1964 2964 2064 legis
3012 1966 3559 2042 fundamentalis

511 2079 870 2178 repetitam
937 2080 1234 2156 subinde
1301 2083 1829 2180 praelectionem
1850 2142 1871 2172 ,
1938 2085 1998 2158 si
2062 2083 2430 2159 laudamus
2504 2082 2636 2157 hoc
2704 2083 2970 2182 ipsum,
3042 2085 3114 2157 in
3178 2085 3561 2160 novissima

514 2197 810 2274 editione
858 2199 1237 2276 faciliorem
1278 2226 1432 2276 esse
1479 2201 1688 2277 huius
1738 2203 1910 2302 legis
1957 2203 2318 2278 inductam
2368 2201 2929 2277 emendationem
2947 2260 2968 2292 ,
3038 2202 3289 2300 quidni
3348 2204 3561 2280 etiam

513 2314 682 2418 legis
724 2320 940 2395 civilis
983 2322 1055 2396 et
1095 2320 1648 2397 emendationem
1688 2323 2063 2422 probemus
2110 2328 2181 2396 et
2232 2321 2746 2422 suppletionem
2765 2323 2800 2395 P
2832 2377 2857 2386 „

611 2439 750 2513 Sed
779 2423 1000 2542 ‚cau'te
1043 2441 1154 2516 hic
1197 2440 1747 2540 procedendum!
1850 2441 2246 2517 Sententiae
2290 2441 2605 2518 iudicum
2627 2500 2647 2531 ,
2699 2441 3157 2541 interpretum
3206 2467 3556 2518 commen-

515 2559 806 2634 tationes
823 2619 844 2649 ,
894 2561 1196 2636 maxime
1245 2586 1404 2636 vero
1448 2561 1668 2661 ipsius
1711 2562 1889 2638 vitae
1936 2562 2153 2638 civilis
2200 2561 2647 2637 necessitates
2694 2561 3232 2638 considerandae
3289 2569 3360 2636 et
3405 2587 3559 2661 per-

513 2678 918 2778 pendendae
961 2687 1125 2756 sunt
1143 2739 1164 2771 ,
1202 2681 1416 2781 idque
1461 2681 1826 2781 diligenter
1869 2687 1941 2756 et
1977 2681 2292 2770 assidue3
2337 2705 2567 2780 neque
2606 2687 2751 2756 tam
2790 2680 3111 2780 figendae
3150 2688 3223 2756 et
3262 2681 3558 2780 refigen-

516 2798 646 2874 dae
705 2801 892 2900 leges
909 2858 930 2890 ,
995 2825 1204 2900 quam
1269 2801 1574 2876 tollenda
1639 2827 1726 2877 ex
1783 2801 2058 2900 legibus
2115 2826 2198 2876 ea
2246 2801 2334 2876 de
2381 2799 2645 2898 quibus
2692 2799 2872 2874 bene
2925 2799 3312 2875 constiterit
3353 2802 3521 2876 vitia
3538 2860 3558 2891 ,

518 2919 944 3018 supplendae
960 2978 981 3010 ,
1045 2920 1132 2995 de
1195 2920 1450 3020 quibus
1509 2921 1864 3022 peritiores
1933 2921 2403 2997 consenserint
2422 2978 2443 3010 ,
2524 2920 2828 2994 lacunae.
2966 2920 3079 2993 Ita
3144 2919 3560 3017 procedente

515 3045 826 3137 tempore
843 3097 866 3127 ,
943 3063 1082 3114 non
1159 3040 1428 3116 codices
1499 3040 1914 3118 habebimus
1997 3041 2070 3114 in
2147 3039 2296 3116 dies
2366 3039 2635 3140 peiores
2700 3040 3073 3137 minusque
3161 3047 3559 3140 temporum

511 3157 897 3232 rationibus
938 3161 1488 3237 accommodatos
1505 3220 1525 3250 ,
1574 3161 1698 3236 sed
1745 3160 1918 3236 tales
1941 3217 1962 3249 ,
2009 3159 2133 3258 qui
2166 3157 2454 3233 mutatis
2493 3157 2925 3256 temporibus
2973 3165 3339 3233 mutentur
3378 3159 3559 3258 ipsi,

515 3276 903 3377 certiusque
951 3278 1024 3353 in
1068 3279 1218 3356 dies
1265 3289 1338 3356 et
1385 3280 1819 3382 aequabilius
1878 3279 1992 3354 ius
2053 3279 2501 3356 constituant.
2600 3277 2926 3351 Arduum
2988 3277 3291 3377 profecto
3344 3301 3521 3378 opus
3538 3337 3561 3368 ‚

517 3396 636 3470 sed
706 3397 1000 3496 dignum
1069 3399 1242 3474 illud
1264 3458 1285 3490 ,
1356 3402 1430 3476 in
1495 3427 1636 3502 quo
1699 3400 2118 3499 perficiendo
2183 3399 2354 3474 iuris
2420 3399 2831 3498 interpretes
2855 3455 2875 3486 ,
2942 3396 3227 3496 quique.
3258 3397 3564 3474 iustitiae

518 3515 1098 3594 administrandae
1148 3529 1483 3620 praesunt
1527 3520 2012 3620 magistratus,
2057 3544 2222 3594 cum
2265 3517 2655 3618 legislatore
2698 3517 3129 3617 conspirent!

613 3637 762 3711 Nec
821 3663 934 3712 me
983 3648 1215 3715 movet
1254 3647 1432 3741 opus
1481 3641 1656 3716 illud
1699 3665 1848 3715 esse
1893 3639 2094 3739 quasi
2140 3639 2357 3714 instar
2398 3638 2779 3736 Penelopes
2809 3637 3040 3724 telae,
3094 3635 3229 3710 tale
3270 3635 3561 3747 scilicet,

520 3755 718 3852 quale
779 3781 986 3834 nemo
1030 3785 1368 3861 umquam
1414 3761 1811 3838 absolutum
1849 3759 2372 3860 perfectumque
2417 3758 2873 3855 adspectui-us
2916 3756 3027 3830 sit.
3138 3753 3327 3829 Illud
3372 3756 3557 3843 enim

520 3870 754 3974 legum
795 3875 1264 3974 probabiliter
1329 3878 1848 3954 scribendarum
1917 3902 2083 3953 cura
2154 3899 2524 3951 commune
2584 3875 2796 3950 habet
2860 3899 3021 3950 cum
3074 3873 3367 3973 singulis
3414 3875 3557 3950 fere

519 3991 934 4089 reipublicae
979 3994 1157 4071 bene
1207 3997 1792 4074 administrandae
1843 3996 2177 4098 partibus.
2257 4037 2269 4047 ·

617 4113 718 4186 Ut
781 4114 1070 4191 colenda
1142 4141 1413 4216 semper
1477 4119 1608 4194 erit
1655 4118 2028 4207 industria,
2097 4116 2383 4192 curandi
2434 4141 2692 4206 mores,
2752 4051 3188 4191 emendanda
3242 4139 3558 4214 quaeque

519 4233 839 4309 instituta
898 4235 1156 4325 civilia,
1198 4237 1299 4313 ita
1349 4238 1423 4312 in
1468 4239 1708 4339 primis
1774 4247 2107 4339 perpetua
2163 4237 2468 4337 quadam
2516 4262 2681 4312 cura
2734 4237 3059 4312 colendae
3110 4245 3275 4311 sunt
3321 4234 3554 4334 leges,

521 4377 609 4427 ne
655 4352 730 4427 in
794 4353 944 4428 dies
1005 4355 1240 4431 minus
1307 4359 1483 4434 vitae
1529 4361 1689 4435 usui
1741 4358 2294 4436 accommodatae
2347 4383 2499 4434 esse
2546 4357 2929 4432 videantur.
3041 4357 3290 4454 Neque
3338 4377 3520 4450 nego
3536 4409 3557 4441 ,

528 4473 728 4547 AA.!
777 4472 908 4549 hoc
954 4475 1238 4573 quidem
1283 4479 1564 4554 nomine
1607 4479 2054 4554 difficiliorem
2091 4503 2243 4554 esse
2281 4476 2745 4582 conditionem
2794 4473 3032 4573 populi
3051 4530 3071 4560 ,
3114 4471 3302 4570 apud
3348 4494 3559 4569 quem

524 4591 792 4668 codices
832 4595 1288 4694 generaliores
1306 4657 1326 4687 ‚
1379 4623 1592 4698 quam
1635 4599 1820 4674 illius
1843 4657 1863 4687 ,
1927 4597 2118 4698 apud
2167 4621 2376 4694 quem
2417 4619 2691 4696 sparsae
2742 4600 3017 4666 tantum
3057 4598 3267 4689 atque
3314 4589 3552 4689 singu-

522 4709 696 4788 lares
733 4713 920 4814 leges
957 4724 1402 4816 usurpantur.
1505 4718 1644 4793 Sed
1662 4777 1684 4808 ,
1731 4725 1812 4791 ut
1847 4717 2083 4790 redeat
2111 4715 2329 4790 oratio
2373 4712 2562 4818 unde
2602 4733 2843 4786 exorsa
2884 4717 3028 4800 est,
3059 4733 3197 4784 non
3240 4710 3555 4808 quaestio

525 4830 596 4906 in
659 4833 884 4932 patria
935 4834 1240 4936 agitatur
1303 4837 1477 4915 haec
1495 4897 1516 4931 ‚
1582 4862 1670 4914 an
1717 4834 1985 4913 codices
2038 4833 2400 4911 videantur
2443 4830 2959 4920 conscribendi3
3026 4830 3151 4906 sed
3202 4830 3549 4930 quomodo

2971 4953 3065 5026 13
