4934 6184
1413 677 1540 747 122
2504 673 2582 742 1.-
2625 673 2702 742 A.
2772 671 2841 741 C.
2908 667 3353 742 ROVERS

1409 909 1567 964 rum
1631 883 2010 962 officiorum
2073 880 2446 958 momentis
2504 881 3061 982 comparatisque
3124 875 3521 980 argumenti
3586 874 3849 976 politici
3910 876 4397 978 scriptionibus
4416 939 4439 969 ,

1411 1006 1670 1108 quibus
1717 1004 2073 1082 adduntur
2111 1001 2610 1102 Ephemerides
2646 1008 2718 1076 et
2750 1001 3090 1076 Actorum
3110 1057 3131 1088 ,
3181 1021 3361 1098 quae
3400 994 3694 1094 singulis
3732 995 4091 1072 mensibus
4115 997 4190 1073 in
4214 997 4443 1076 lucem

1409 1125 1787 1226 prodeunt,
1818 1123 2162 1224 exquisita
2187 1120 2384 1222 copia
2401 1179 2424 1210 ,
2453 1121 2629 1196 adeo
2670 1127 2752 1196 ut
2792 1143 2883 1195 ne
2928 1119 3305 1194 Socmrns
3348 1114 3633 1216 quidem
3678 1116 3725 1192 ὁ
3770 1115 4079 1204 ἀστεῖος
4118 1117 4401 1193 haberet
4418 1176 4441 1206 ‚

1409 1245 1600 1346 quod
1639 1245 1712 1320 in
1754 1268 1994 1320 eorum
2033 1243 2214 1318 sicut
2250 1240 2418 1318 olim
2460 1241 2535 1316 in
2583 1242 3013 1316 Gnaucoms
3066 1237 3313 1315 ardore
3354 1235 3903 1337 reprehenderet.
4002 1236 4120 1312 Ab
4170 1237 4279 1314 his
4326 1238 4445 1316 alii

1405 1365 1480 1440 in
1545 1365 1756 1440 simili
1808 1363 2159 1464 proposito
2209 1359 2546 1436 differunt
2592 1359 2983 1435 studiorum
3031 1382 3285 1459 genere
3336 1365 3408 1432 et
3450 1355 3715 1435 ratione
3732 1415 3752 1444 ,
3802 1381 4101 1457 quorum
4156 1357 4443 1457 quidem

1409 1483 1586 1560 illud
1624 1482 1826 1582 plura
1869 1479 2350 1581 complectitur
2366 1536 2389 1567 ,
2437 1478 2606 1554 haee
2647 1478 3065 1576 ingeniosior
3102 1484 3210 1553 est
3250 1483 3323 1550 et
3370 1475 3463 1552 ad
3512 1476 3661 1553 loca
3700 1475 3895 1552 ducit
3944 1477 4244 1554 munius
4282 1487 4441 1554 ante

1406 1603 1574 1679 trita
1619 1603 1850 1692 solo'';
1901 1601 2026 1677 ubi
2075 1607 2306 1676 tamen
2323 1657 2346 1688 ,
2395 1597 2695 1674 testibus
2736 1597 2860 1687 iis,
2910 1597 3037 1697 qui
3085 1597 3289 1697 pulso
3328 1596 3715 1672 Lunovrco
3778 1598 4141 1673 Pmmrro
4187 1597 4442 1697 primas

1309 1815 1316 1820 ν
1407 1723 1481 1797 ιιι
1539 1721 1830 1798 Francia
1889 1727 2219 1821 egerunt,
2280 1718 2479 1794 facile
2520 1727 2627 1793 est
2666 1718 2919 1817 pedem
2968 1717 3316 1792 offendere
3358 1757 3459 1774 -
3510 1717 3761 1816 Itaque
3806 1741 3897 1792 ne
3948 1716 4287 1794 adeantur
4328 1718 4443 1794 illa

1407 1844 1592 1931 loca3
1642 1841 1834 1917 haud
1881 1840 2022 1916 scio
2065 1864 2157 1916 an
2197 1862 2308 1914 res
2353 1837 2639 1937 publica
2685 1838 2849 1914 hinc
2900 1837 3075 1912 nihil
3122 1835 3511 1936 quidquam
3558 1835 3800 1912 damni
3844 1845 4133 1941 captura
4182 1838 4299 1912 sit.
4346 1881 4441 1894 --

1411 1962 1554 2036 Sed
1627 1959 1862 2037 niuvat
1879 2017 1902 2050 ,
1965 1960 2204 2049 aiunt,
2264 1959 2574 2058 integros
2618 1959 2941 2034 accedere
2986 1957 3309 2036 fonteis.”
3367 1997 3468 2014 —
3519 1954 3785 2033 Verum
3844 1981 3887 2032 a
3937 1957 4439 2059 praestantissi-

1415 2081 1552 2156 mis
1593 2081 1806 2181 inque
1848 2079 2160 2155 doctrina
2207 2077 2487 2179 politica
2533 2079 2853 2178 perfectis
2894 2077 3058 2152 viris
3096 2077 3366 2177 accepi,
3416 2076 3643 2153 fontes
3694 2075 3905 2151 huius
3948 2077 4299 2160 doctrinae
4342 2078 4442 2152 ibi

1412 2201 1670 2276 frustra
1735 2199 1974 2299 quaeri
1992 2258 2013 2289 ,
2077 2223 2229 2275 esse
2287 2198 2414 2273 hos
2479 2198 2858 2275 admodum
2920 2197 3180 2274 vicinos
3236 2197 3653 2296 eosdemque
3714 2195 3998 2272 omnino
4015 2253 4035 2286 ,
4102 2197 4195 2273 ad
4236 2223 4441 2299 quos

1410 2320 1772 2396 adeundos
1791 2369 1798 2376 -
1819 2317 2372 2396 adolescentibus
2415 2318 2491 2392 in
2536 2316 2784 2392 scholis
2823 2315 3165 2392 historicis
3208 2314 3317 2390 via
3354 2321 3793 2390 monstretur.
3896 2316 4093 2392 Haec
4108 2373 4131 2404 ,
4180 2317 4240 2390 si
4272 2317 4441 2417 quid

1407 2438 1610 2514 video
1625 2497 1647 2530 ‚
1705 2446 1960 2540 urgent
2013 2463 2246 2514 rerum
2309 2443 2667 2538 gestarum
2726 2435 3087 2512 scientiam
3130 2442 3204 2510 et
3260 2434 3643 2510 naturalem
3661 2491 3684 2522 ,
3748 2457 3931 2532 quae
3976 2435 4105 2511 hac
4156 2437 4403 2512 nititur
4417 2495 4438 2525 ‚

1409 2558 1502 2634 ad
1573 2558 1952 2634 earundem
2013 2557 2547 2658 intelligentiam
2604 2555 3149 2658 progressione·
3166 2613 3189 2645 ‚
3266 2563 3351 2632 ut
3408 2555 3571 2630 hinc
3587 2613 3607 2644 ,
3670 2554 3985 2631 adhibita
4045 2557 4189 2632 iam
4242 2581 4439 2656 porro

1409 2677 1760 2754 doctrinae
1807 2678 2126 2780 politicae
2174 2679 2374 2768 luce,
2421 2685 2694 2755 certum
2742 2683 3021 2778 petatur
3062 2676 3151 2752 de
3184 2675 3395 2752 rebus
3437 2673 3737 2776 publicis
3783 2675 4145 2753 iudicium.
4246 2677 4438 2765 Scio,

1407 2799 1582 2898 quid
1628 2799 1836 2874 tacite
1883 2799 2196 2900 quidque
2251 2798 2509 2874 diserte
2552 2795 2937 2872 obiiciatur.
3034 2796 3221 2872 Nam
3268 2795 3345 2872 in
3392 2802 3669 2896 pectore
3714 2795 4027 2872 clausum
4076 2795 4253 2872 illud
4296 2805 4435 2871 est.

1406 2943 1628 3054 apage
1684 2918 1866 2995 viam
1908 2919 2230 3054 longam,
2296 2917 2675 3017 unicuique
2718 2921 3069 3017 patentem
3118 2921 3605 3014 carentemque
3650 2914 3788 2989 illis
3835 2914 4235 2992 inveniendi
4273 2916 4435 2992 deli·

1402 3039 1568 3128 ciis,
1641 3038 1902 3139 quibus
1957 3040 2032 3114 in
2097 3038 2270 3116 aviis
2332 3036 2783 3139 peragrandis
2833 3042 3213 3136 pascuntur
3254 3034 3486 3111 divina
3528 3033 3829 3135 ingenia.
3880 3077 3979 3094 --
4024 3035 4341 3113 Profecto
4382 3039 4439 3111 si

1404 3159 1804 3234 inveniendi
1871 3157 2196 3259 splendor
2257 3158 2513 3232 mentis
2576 3155 2795 3232 aciem
2854 3155 3257 3256 perstrinxit
3318 3155 3551 3256 potius
3608 3179 3819 3256 quam
3870 3157 4060 3232 acuit
4103 3180 4259 3233 eam
4303 3159 4441 3233 veri

1409 3277 1694 3354 videndi
1761 3277 2108 3378 cupiditas
2123 3335 2144 3369 ,
2209 3284 2284 3354 et
2344 3301 2505 3352 vero
2569 3276 2632 3351 si
2674 3275 2833 3374 quis
2878 3275 3061 3352 intra
3112 3272 3425 3350 triduum
3474 3299 3551 3350 se
3598 3275 3955 3375 politicum
4004 3276 4155 3352 fieri
4208 3278 4401 3379 cupit
4416 3337 4441 3366 ,

1411 3397 1894 3473 commendare
1943 3398 2008 3472 ei
2051 3397 2232 3473 hanc
2281 3397 2468 3472 viam
2532 3395 2715 3473 nolo.
2764 3437 2864 3454 —-
2905 3397 2995 3470 In
3046 3389 3287 3496 ling'ua
3332 3404 3567 3472 autem
3636 3403 4039 3497 promptum
4099 3398 4232 3474 hoc
4294 3406 4437 3474 est:

1411 3516 1586 3617 quid
1654 3497 2010 3616 praedicas
2075 3517 2398 3594 historiae
2476 3516 2881 3617 gravitatem
2894 3517 2930 3590 Ρ
3066 3516 3260 3592 Ηιιιο
3328 3524 3685 3615 tamquam
3750 3543 3839 3592 ex
3914 3518 4437 3595 armamentario

1411 3660 1542 3713 sua
1601 3636 1901 3736 quisque
1962 3638 2102 3712 tela
2154 3637 2370 3737 petit:
2443 3637 2615 3712 haec
2664 3635 3045 3737 opitulatur
3081 3637 3551 3713 monarchicae
3592 3637 3947 3738 regiminis
3994 3639 4255 3716 formae
4316 3637 4433 3713 ad-

1411 3757 1618 3834 dictis
1697 3781 1828 3832 ncc
1913 3757 2232 3833 destituit
2305 3756 2763 3834 democratiae
2840 3755 3179 3832 fautores:
3257 3756 3469 3834 huius
3532 3765 3727 3834 tanta
3786 3767 3895 3834 est
3973 3759 4221 3835 lenitas
4286 3767 4433 3834 tan·
4498 3739 4505 3748 ’

1409 3886 1704 3976 tumque
1745 3878 1822 3952 in
1867 3903 2108 3954 omnes
2155 3876 2569 3977 obsequium
2588 3935 2611 3967 ‚
2658 3884 2742 3952 ut
2787 3877 3107 3953 Bau-run
3156 3875 3357 3953 illum
3399 3877 3699 3980 priorem
3744 3885 3889 3954 tam
3940 3878 4437 3956 aristocraticae

1409 3997 1726 4074 factionis
1777 3999 2162 4098 principem
2221 3998 2505 4073 salutari
2554 3997 2738 4074 sinat
2798 4021 3015 4097 quam
3062 3997 3193 4072 coli
3228 3991 3303 4073 'a
3371 3997 3769 4074 furibundis
3840 3999 4245 4101 demagogis
4264 4058 4286 4090 ‚
4356 4008 4435 4074 ut

1407 4113 1586 4192 nihil
1621 4116 1996 4215 impediat,
2039 4142 2181 4216 quo
2221 4118 2456 4193 minus
2499 4119 2844 4192 Gnaccnr
2886 4125 2961 4192 et
3003 4116 3343 4194 bonorum
3396 4119 3619 4219 gratia
3671 4120 3961 4196 floreant
3994 4127 4069 4195 et
4120 4121 4431 4220 exemplo

1405 4238 1550 4312 sint
1607 4235 1694 4310 iis
1715 4293 1736 4327 ‚
1807 4236 2068 4335 quibus
2135 4237 2278 4314 ima
2341 4237 2637 4312 summis
2700 4243 2971 4312 mutare
3033 4237 3278 4337 placet.
3344 4281 3441 4298 -—-
3495 4239 3690 4318 Quot
3742 4240 3953 4316 verba
4001 4246 4107 4316 tot
4152 4263 4424 4316 errores.

1405 4355 1798 4434 Hominum
1857 4355 2248 4456 ignorantia
2307 4363 2378 4430 et
2420 4356 2725 4456 partium
2772 4356 3085 4432 studium
3102 4414 3124 4447 ,
3170 4358 3363 4458 quod
3408 4367 3825 4436 transversos
3871 4361 4018 4461 agit
4068 4359 4387 4436 mortales
4404 4417 4422 4446 ,

1405 4476 1574 4552 vitio
1628 4483 1996 4552 vertuntur
2046 4475 2398 4554 doctrinae
2415 4533 2436 4567 ,
2486 4501 2667 4576 quae
2685 4534 2708 4567 ,
2754 4476 2817 4551 si
2860 4477 3460 4576 generosissimam
3508 4479 3833 4556 scientiae
3886 4480 4075 4555 sitim
4119 4479 4423 4555 nondum

1401 4595 1690 4672 omnino
1759 4596 2030 4697 explet,
2091 4595 2166 4670 in
2221 4596 2370 4671 dies
2422 4605 2659 4672 tamen
2707 4596 2935 4698 magis
2992 4595 3379 4674 satisfacere
3428 4599 3743 4676 discendi
3792 4600 4067 4701 cupidis
4123 4607 4419 4676 conatur.

1403 4714 1602 4790 Nihil
1645 4715 1910 4808 dicam,
1958 4717 2048 4792 A.
2080 4717 2208 4807 A.,
2257 4718 2345 4793 de
2385 4741 2663 4795 summa
2700 4717 2950 4793 virium
2996 4717 3377 4794 intentione
3416 4721 3508 4796 ad
3552 4745 3673 4813 ea,
3723 4745 3903 4820 quae
3950 4720 4256 4798 tenebris
4300 4718 4419 4794 cir·

1409 4832 1732 4938 cumfusa
1791 4842 1997 4926 sunt,
2061 4835 2136 4916 in
2203 4836 2430 4914 lucem
2502 4837 2889 4916 evocandis.
2984 4838 3299 4916 Laudavi
3360 4839 3553 4917 illam
3612 4839 3687 4916 in
3750 4841 4077 4918 Oratione
4130 4838 4421 4916 Gronin·
