<?xml version="1.0" encoding="UTF-8"?>
<!DOCTYPE html PUBLIC "-//W3C//DTD XHTML 1.0 Transitional//EN"
    "http://www.w3.org/TR/xhtml1/DTD/xhtml1-transitional.dtd">
<html xmlns="http://www.w3.org/1999/xhtml" xml:lang="en" lang="en">
 <head>
  <title>
</title>
<meta http-equiv="Content-Type" content="text/html;charset=utf-8" />
  <meta name='ocr-system' content='tesseract 3.04.00' />
  <meta name='ocr-capabilities' content='ocr_page ocr_carea ocr_par ocr_line ocrx_word'/>
</head>
<body>
  <div class='ocr_page' id='page_1' title='image "annalesacademic37unkngoog_0239.png"; bbox 0 0 4934 6184; ppageno 0'>
   <div class='ocr_carea' id='block_1_1' title="bbox 1840 697 3631 766">
    <p class='ocr_par' dir='ltr' id='par_1_1' title="bbox 1840 697 3631 766">
     <span class='ocr_line' id='line_1_1' title="bbox 1840 697 3631 766; baseline -0.001 -2"><span class='ocrx_word' id='word_1_1' title='bbox 1840 697 2397 766; x_wconf 76' lang='lat' dir='ltr'>ORATIO.</span> <span class='ocrx_word' id='word_1_2' title='bbox 3505 698 3631 764; x_wconf 76' lang='lat'>229</span> 
     </span>
    </p>
   </div>
   <div class='ocr_carea' id='block_1_2' title="bbox 538 905 3785 4723">
    <p class='ocr_par' dir='ltr' id='par_1_2' title="bbox 538 905 3785 4723">
     <span class='ocr_line' id='line_1_2' title="bbox 602 905 3631 1010; baseline -0.003 -22"><span class='ocrx_word' id='word_1_3' title='bbox 602 912 721 988; x_wconf 87' lang='lat' dir='ltr'>sed</span> <span class='ocrx_word' id='word_1_4' title='bbox 782 916 1025 1010; x_wconf 89' lang='lat' dir='ltr'>sponte</span> <span class='ocrx_word' id='word_1_5' title='bbox 1090 937 1162 986; x_wconf 89' lang='lat' dir='ltr'>se</span> <span class='ocrx_word' id='word_1_6' title='bbox 1222 907 1425 985; x_wconf 84' lang='lat' dir='ltr'>offert</span> <span class='ocrx_word' id='word_1_7' title='bbox 1443 968 1464 997; x_wconf 99' lang='lat'>,</span> <span class='ocrx_word' id='word_1_8' title='bbox 1532 910 1877 1010; x_wconf 81' lang='lat' dir='ltr'>longoque</span> <span class='ocrx_word' id='word_1_9' title='bbox 1930 933 2069 984; x_wconf 89' lang='lat' dir='ltr'>usu</span> <span class='ocrx_word' id='word_1_10' title='bbox 2115 916 2186 982; x_wconf 87' lang='lat' dir='ltr'>et</span> <span class='ocrx_word' id='word_1_11' title='bbox 2234 905 2719 983; x_wconf 82' lang='lat' dir='ltr'>exercitatione</span> <span class='ocrx_word' id='word_1_12' title='bbox 2770 912 3052 1004; x_wconf 87' lang='lat' dir='ltr'>paratus</span> <span class='ocrx_word' id='word_1_13' title='bbox 3089 929 3248 980; x_wconf 91' lang='lat' dir='ltr'>cum</span> <span class='ocrx_word' id='word_1_14' title='bbox 3298 905 3480 981; x_wconf 88' lang='lat' dir='ltr'>illius</span> <span class='ocrx_word' id='word_1_15' title='bbox 3525 905 3631 981; x_wconf 87' lang='lat' dir='ltr'>in-</span> 
     </span>
     <span class='ocr_line' id='line_1_3' title="bbox 602 1026 3633 1130; baseline -0.002 -23"><span class='ocrx_word' id='word_1_16' title='bbox 602 1032 807 1130; x_wconf 80' lang='lat' dir='ltr'>genio</span> <span class='ocrx_word' id='word_1_17' title='bbox 867 1031 1201 1108; x_wconf 74' lang='lat' dir='ltr'>coaluisse</span> <span class='ocrx_word' id='word_1_18' title='bbox 1246 1037 1321 1104; x_wconf 88' lang='lat' dir='ltr'>et</span> <span class='ocrx_word' id='word_1_19' title='bbox 1368 1029 1441 1104; x_wconf 91' lang='lat' dir='ltr'>in</span> <span class='ocrx_word' id='word_1_20' title='bbox 1490 1037 1809 1106; x_wconf 86' lang='lat' dir='ltr'>naturam</span> <span class='ocrx_word' id='word_1_21' title='bbox 1860 1029 2185 1106; x_wconf 75' lang='lat' dir='ltr'>transisse</span> <span class='ocrx_word' id='word_1_22' title='bbox 2255 1029 2546 1104; x_wconf 90' lang='lat' dir='ltr'>videtur.</span> <span class='ocrx_word' id='word_1_23' title='bbox 2647 1027 2835 1101; x_wconf 89' lang='lat' dir='ltr'>Nam</span> <span class='ocrx_word' id='word_1_24' title='bbox 2880 1049 3098 1126; x_wconf 91' lang='lat' dir='ltr'>quum</span> <span class='ocrx_word' id='word_1_25' title='bbox 3141 1049 3182 1100; x_wconf 91' lang='lat' dir='ltr'>a</span> <span class='ocrx_word' id='word_1_26' title='bbox 3231 1026 3452 1124; x_wconf 85' lang='lat' dir='ltr'>prima</span> <span class='ocrx_word' id='word_1_27' title='bbox 3494 1027 3633 1102; x_wconf 87' lang='lat' dir='ltr'>iam</span> 
     </span>
     <span class='ocr_line' id='line_1_4' title="bbox 596 1144 3633 1251; baseline -0.002 -27"><span class='ocrx_word' id='word_1_28' title='bbox 596 1159 821 1227; x_wconf 81' lang='lat' dir='ltr'>aetate</span> <span class='ocrx_word' id='word_1_29' title='bbox 866 1151 939 1224; x_wconf 89' lang='lat' dir='ltr'>in</span> <span class='ocrx_word' id='word_1_30' title='bbox 988 1148 1265 1225; x_wconf 88' lang='lat' dir='ltr'>dicendi</span> <span class='ocrx_word' id='word_1_31' title='bbox 1304 1149 1592 1226; x_wconf 86' lang='lat' dir='ltr'>artificio</span> <span class='ocrx_word' id='word_1_32' title='bbox 1636 1149 1914 1251; x_wconf 85' lang='lat' dir='ltr'>operam</span> <span class='ocrx_word' id='word_1_33' title='bbox 1957 1149 2339 1250; x_wconf 77' lang='lat' dir='ltr'>posuisset,</span> <span class='ocrx_word' id='word_1_34' title='bbox 2402 1155 2822 1224; x_wconf 84' lang='lat' dir='ltr'>structuram</span> <span class='ocrx_word' id='word_1_35' title='bbox 2877 1153 2948 1221; x_wconf 91' lang='lat' dir='ltr'>et</span> <span class='ocrx_word' id='word_1_36' title='bbox 3001 1145 3344 1222; x_wconf 88' lang='lat' dir='ltr'>delectum</span> <span class='ocrx_word' id='word_1_37' title='bbox 3375 1144 3633 1219; x_wconf 79' lang='lat' dir='ltr'>verbo-</span> 
     </span>
     <span class='ocr_line' id='line_1_5' title="bbox 600 1263 3634 1386; baseline -0.002 -40"><span class='ocrx_word' id='word_1_38' title='bbox 600 1296 756 1346; x_wconf 90' lang='lat' dir='ltr'>rum</span> <span class='ocrx_word' id='word_1_39' title='bbox 798 1294 923 1345; x_wconf 85' lang='lat' dir='ltr'>ex</span> <span class='ocrx_word' id='word_1_40' title='bbox 940 1269 1293 1346; x_wconf 80' lang='lat' dir='ltr'>rhetorum</span> <span class='ocrx_word' id='word_1_41' title='bbox 1342 1269 1725 1371; x_wconf 74' lang='lat' dir='ltr'>praeceptis</span> <span class='ocrx_word' id='word_1_42' title='bbox 1768 1268 2205 1386; x_wconf 61' lang='lat' dir='ltr'>moderatum</span> <span class='ocrx_word' id='word_1_43' title='bbox 2274 1268 2710 1368; x_wconf 86' lang='lat' dir='ltr'>oppositione</span> <span class='ocrx_word' id='word_1_44' title='bbox 2761 1267 3142 1343; x_wconf 80' lang='lat' dir='ltr'>delectatur</span> <span class='ocrx_word' id='word_1_45' title='bbox 3187 1274 3259 1341; x_wconf 88' lang='lat' dir='ltr'>et</span> <span class='ocrx_word' id='word_1_46' title='bbox 3306 1263 3634 1340; x_wconf 89' lang='lat' dir='ltr'>distribu-</span> 
     </span>
     <span class='ocr_line' id='line_1_6' title="bbox 600 1369 3636 1490; baseline -0.002 -26"><span class='ocrx_word' id='word_1_47' title='bbox 600 1392 828 1478; x_wconf 88' lang='lat' dir='ltr'>tione;</span> <span class='ocrx_word' id='word_1_48' title='bbox 880 1396 1197 1466; x_wconf 84' lang='lat' dir='ltr'>accurate</span> <span class='ocrx_word' id='word_1_49' title='bbox 1238 1389 1735 1466; x_wconf 85' lang='lat' dir='ltr'>sententiarum</span> <span class='ocrx_word' id='word_1_50' title='bbox 1774 1369 2007 1490; x_wconf 82' lang='lat' dir='ltr'>partes</span> <span class='ocrx_word' id='word_1_51' title='bbox 2043 1396 2518 1489; x_wconf 80' lang='lat' dir='ltr'>exaequantur</span> <span class='ocrx_word' id='word_1_52' title='bbox 2553 1398 2626 1464; x_wconf 90' lang='lat' dir='ltr'>et</span> <span class='ocrx_word' id='word_1_53' title='bbox 2660 1413 3024 1464; x_wconf 88' lang='lat' dir='ltr'>numerose</span> <span class='ocrx_word' id='word_1_54' title='bbox 3049 1387 3310 1462; x_wconf 88' lang='lat' dir='ltr'>cadunt</span> <span class='ocrx_word' id='word_1_55' title='bbox 3333 1384 3636 1486; x_wconf 86' lang='lat' dir='ltr'>periodi,</span> 
     </span>
     <span class='ocr_line' id='line_1_7' title="bbox 603 1503 3638 1610; baseline -0.002 -26"><span class='ocrx_word' id='word_1_56' title='bbox 603 1518 677 1584; x_wconf 89' lang='lat' dir='ltr'>et</span> <span class='ocrx_word' id='word_1_57' title='bbox 720 1509 983 1586; x_wconf 89' lang='lat' dir='ltr'>flumen</span> <span class='ocrx_word' id='word_1_58' title='bbox 1030 1509 1874 1610; x_wconf 79' lang='lat' dir='ltr'>magnificentissimorum</span> <span class='ocrx_word' id='word_1_59' title='bbox 1922 1508 2286 1584; x_wconf 85' lang='lat' dir='ltr'>verborum</span> <span class='ocrx_word' id='word_1_60' title='bbox 2340 1507 2592 1583; x_wconf 84' lang='lat' dir='ltr'>invitos</span> <span class='ocrx_word' id='word_1_61' title='bbox 2642 1532 2770 1584; x_wconf 88' lang='lat' dir='ltr'>nos</span> <span class='ocrx_word' id='word_1_62' title='bbox 2811 1506 2992 1608; x_wconf 88' lang='lat' dir='ltr'>rapit</span> <span class='ocrx_word' id='word_1_63' title='bbox 3037 1513 3110 1580; x_wconf 89' lang='lat' dir='ltr'>et</span> <span class='ocrx_word' id='word_1_64' title='bbox 3157 1505 3403 1580; x_wconf 85' lang='lat' dir='ltr'>aufert.</span> <span class='ocrx_word' id='word_1_65' title='bbox 3502 1503 3638 1578; x_wconf 88' lang='lat' dir='ltr'>Ve-</span> 
     </span>
     <span class='ocr_line' id='line_1_8' title="bbox 605 1623 3643 1730; baseline -0.002 -26"><span class='ocrx_word' id='word_1_66' title='bbox 605 1653 762 1704; x_wconf 89' lang='lat' dir='ltr'>rum</span> <span class='ocrx_word' id='word_1_67' title='bbox 828 1627 1015 1704; x_wconf 90' lang='lat' dir='ltr'>idem</span> <span class='ocrx_word' id='word_1_68' title='bbox 1072 1637 1359 1706; x_wconf 82' lang='lat' dir='ltr'>ornatus</span> <span class='ocrx_word' id='word_1_69' title='bbox 1424 1631 1487 1706; x_wconf 89' lang='lat' dir='ltr'>si</span> <span class='ocrx_word' id='word_1_70' title='bbox 1542 1630 1617 1706; x_wconf 91' lang='lat' dir='ltr'>in</span> <span class='ocrx_word' id='word_1_71' title='bbox 1670 1655 1745 1705; x_wconf 90' lang='lat' dir='ltr'>re</span> <span class='ocrx_word' id='word_1_72' title='bbox 1790 1630 1987 1704; x_wconf 88' lang='lat' dir='ltr'>tenui</span> <span class='ocrx_word' id='word_1_73' title='bbox 2040 1637 2456 1730; x_wconf 88' lang='lat' dir='ltr'>usurpatur,</span> <span class='ocrx_word' id='word_1_74' title='bbox 2506 1628 2786 1728; x_wconf 87' lang='lat' dir='ltr'>puerilis</span> <span class='ocrx_word' id='word_1_75' title='bbox 2834 1635 2941 1702; x_wconf 89' lang='lat' dir='ltr'>est</span> <span class='ocrx_word' id='word_1_76' title='bbox 2983 1634 3056 1701; x_wconf 91' lang='lat' dir='ltr'>et</span> <span class='ocrx_word' id='word_1_77' title='bbox 3098 1625 3466 1712; x_wconf 89' lang='lat' dir='ltr'>ridiculus;</span> <span class='ocrx_word' id='word_1_78' title='bbox 3518 1623 3643 1699; x_wconf 92' lang='lat' dir='ltr'>ubi</span> 
     </span>
     <span class='ocr_line' id='line_1_9' title="bbox 607 1741 3644 1848; baseline -0.003 -22"><span class='ocrx_word' id='word_1_79' title='bbox 607 1750 731 1848; x_wconf 88' lang='lat' dir='ltr'>qui</span> <span class='ocrx_word' id='word_1_80' title='bbox 778 1749 993 1826; x_wconf 88' lang='lat' dir='ltr'>nihilo</span> <span class='ocrx_word' id='word_1_81' title='bbox 1030 1749 1267 1826; x_wconf 87' lang='lat' dir='ltr'>minus</span> <span class='ocrx_word' id='word_1_82' title='bbox 1316 1751 1516 1826; x_wconf 89' lang='lat' dir='ltr'>illum</span> <span class='ocrx_word' id='word_1_83' title='bbox 1568 1748 1905 1825; x_wconf 88' lang='lat' dir='ltr'>adhibent</span> <span class='ocrx_word' id='word_1_84' title='bbox 1926 1809 1946 1837; x_wconf 91' lang='lat'>,</span> <span class='ocrx_word' id='word_1_85' title='bbox 1994 1747 2305 1824; x_wconf 86' lang='lat' dir='ltr'>oblivisci</span> <span class='ocrx_word' id='word_1_86' title='bbox 2349 1747 2672 1824; x_wconf 87' lang='lat' dir='ltr'>videntur</span> <span class='ocrx_word' id='word_1_87' title='bbox 2716 1747 3109 1846; x_wconf 84' lang='lat' dir='ltr'>primariam</span> <span class='ocrx_word' id='word_1_88' title='bbox 3159 1741 3310 1820; x_wconf 83' lang='lat' dir='ltr'>esse</span> <span class='ocrx_word' id='word_1_89' title='bbox 3358 1743 3644 1819; x_wconf 89' lang='lat' dir='ltr'>oratoris</span> 
     </span>
     <span class='ocr_line' id='line_1_10' title="bbox 608 1864 3645 1970; baseline -0.001 -30"><span class='ocrx_word' id='word_1_90' title='bbox 608 1870 935 1946; x_wconf 88' lang='lat' dir='ltr'>virtutem</span> <span class='ocrx_word' id='word_1_91' title='bbox 954 1927 977 1959; x_wconf 92' lang='lat'>‚</span> <span class='ocrx_word' id='word_1_92' title='bbox 1042 1869 1132 1945; x_wconf 86' lang='lat' dir='ltr'>ab</span> <span class='ocrx_word' id='word_1_93' title='bbox 1192 1871 1345 1970; x_wconf 87' lang='lat' dir='ltr'>ipso</span> <span class='ocrx_word' id='word_1_94' title='bbox 1410 1871 1793 1946; x_wconf 68' lang='lat' dir='ltr'>cronon</span> <span class='ocrx_word' id='word_1_95' title='bbox 1853 1869 2153 1968; x_wconf 86' lang='lat' dir='ltr'>graviter</span> <span class='ocrx_word' id='word_1_96' title='bbox 2214 1866 2768 1942; x_wconf 88' lang='lat' dir='ltr'>commendatam</span> <span class='ocrx_word' id='word_1_97' title='bbox 2789 1921 2810 1955; x_wconf 89' lang='lat'>,</span> <span class='ocrx_word' id='word_1_98' title='bbox 2871 1873 2952 1940; x_wconf 90' lang='lat' dir='ltr'>ut</span> <span class='ocrx_word' id='word_1_99' title='bbox 3010 1874 3170 1965; x_wconf 84' lang='lat' dir='ltr'>apte</span> <span class='ocrx_word' id='word_1_100' title='bbox 3218 1864 3528 1940; x_wconf 88' lang='lat' dir='ltr'>dicamus</span> <span class='ocrx_word' id='word_1_101' title='bbox 3573 1872 3645 1938; x_wconf 88' lang='lat' dir='ltr'>et</span> 
     </span>
     <span class='ocr_line' id='line_1_11' title="bbox 538 1985 3644 2086; baseline -0.002 -23"><span class='ocrx_word' id='word_1_102' title='bbox 538 2065 583 2074; x_wconf 26' lang='grc' dir='ltr'>,β</span> <span class='ocrx_word' id='word_1_103' title='bbox 610 1989 709 2066; x_wconf 90' lang='lat' dir='ltr'>rei</span> <span class='ocrx_word' id='word_1_104' title='bbox 751 1990 1255 2066; x_wconf 86' lang='lat' dir='ltr'>convenienter.</span> <span class='ocrx_word' id='word_1_105' title='bbox 1352 1989 1673 2066; x_wconf 83' lang='lat' dir='ltr'>Postulat</span> <span class='ocrx_word' id='word_1_106' title='bbox 1718 1988 1927 2065; x_wconf 84' lang='lat' dir='ltr'>etiam</span> <span class='ocrx_word' id='word_1_107' title='bbox 1970 1995 2093 2064; x_wconf 87' lang='lat' dir='ltr'>aut</span> <span class='ocrx_word' id='word_1_108' title='bbox 2136 1995 2419 2064; x_wconf 85' lang='lat' dir='ltr'>excusat</span> <span class='ocrx_word' id='word_1_109' title='bbox 2462 2013 2628 2064; x_wconf 89' lang='lat' dir='ltr'>cura</span> <span class='ocrx_word' id='word_1_110' title='bbox 2669 1985 3178 2086; x_wconf 88' lang='lat' dir='ltr'>perspicuitatis</span> <span class='ocrx_word' id='word_1_111' title='bbox 3223 1985 3295 2059; x_wconf 90' lang='lat' dir='ltr'>in</span> <span class='ocrx_word' id='word_1_112' title='bbox 3337 1991 3602 2060; x_wconf 90' lang='lat' dir='ltr'>oratore</span> <span class='ocrx_word' id='word_1_113' title='bbox 3623 2041 3644 2072; x_wconf 92' lang='lat'>,</span> 
     </span>
     <span class='ocr_line' id='line_1_12' title="bbox 611 2103 3648 2208; baseline -0.001 -24"><span class='ocrx_word' id='word_1_114' title='bbox 611 2133 791 2208; x_wconf 87' lang='lat' dir='ltr'>quae</span> <span class='ocrx_word' id='word_1_115' title='bbox 852 2107 927 2182; x_wconf 89' lang='lat' dir='ltr'>in</span> <span class='ocrx_word' id='word_1_116' title='bbox 992 2107 1320 2206; x_wconf 85' lang='lat' dir='ltr'>scriptore</span> <span class='ocrx_word' id='word_1_117' title='bbox 1366 2130 1503 2183; x_wconf 88' lang='lat' dir='ltr'>nou</span> <span class='ocrx_word' id='word_1_118' title='bbox 1554 2130 1775 2206; x_wconf 87' lang='lat' dir='ltr'>aeque</span> <span class='ocrx_word' id='word_1_119' title='bbox 1820 2105 2143 2182; x_wconf 86' lang='lat' dir='ltr'>feruntur</span> <span class='ocrx_word' id='word_1_120' title='bbox 2157 2167 2178 2196; x_wconf 99' lang='lat'>,</span> <span class='ocrx_word' id='word_1_121' title='bbox 2238 2107 2427 2184; x_wconf 83' lang='lat' dir='ltr'>velut</span> <span class='ocrx_word' id='word_1_122' title='bbox 2473 2107 2662 2206; x_wconf 89' lang='lat' dir='ltr'>quod</span> <span class='ocrx_word' id='word_1_123' title='bbox 2713 2105 2857 2180; x_wconf 90' lang='lat' dir='ltr'>duo</span> <span class='ocrx_word' id='word_1_124' title='bbox 2901 2104 3232 2182; x_wconf 83' lang='lat' dir='ltr'>vocabula</span> <span class='ocrx_word' id='word_1_125' title='bbox 3273 2103 3648 2182; x_wconf 86' lang='lat' dir='ltr'>consimilis</span> 
     </span>
     <span class='ocr_line' id='line_1_13' title="bbox 610 2226 3648 2327; baseline -0 -25"><span class='ocrx_word' id='word_1_126' title='bbox 610 2227 909 2304; x_wconf 87' lang='lat' dir='ltr'>notionis</span> <span class='ocrx_word' id='word_1_127' title='bbox 964 2226 1520 2327; x_wconf 84' lang='lat' dir='ltr'>coniunguntur,</span> <span class='ocrx_word' id='word_1_128' title='bbox 1591 2253 1733 2326; x_wconf 91' lang='lat' dir='ltr'>quo</span> <span class='ocrx_word' id='word_1_129' title='bbox 1796 2227 2007 2304; x_wconf 89' lang='lat' dir='ltr'>simul</span> <span class='ocrx_word' id='word_1_130' title='bbox 2058 2227 2359 2304; x_wconf 90' lang='lat' dir='ltr'>rotunda</span> <span class='ocrx_word' id='word_1_131' title='bbox 2414 2227 2508 2303; x_wconf 86' lang='lat' dir='ltr'>sit</span> <span class='ocrx_word' id='word_1_132' title='bbox 2563 2227 2926 2305; x_wconf 90' lang='lat' dir='ltr'>verborum</span> <span class='ocrx_word' id='word_1_133' title='bbox 2967 2228 3348 2327; x_wconf 86' lang='lat' dir='ltr'>complexio</span> <span class='ocrx_word' id='word_1_134' title='bbox 3389 2235 3460 2302; x_wconf 87' lang='lat' dir='ltr'>et</span> <span class='ocrx_word' id='word_1_135' title='bbox 3498 2249 3648 2300; x_wconf 87' lang='lat' dir='ltr'>ora·</span> 
     </span>
     <span class='ocr_line' id='line_1_14' title="bbox 612 2347 3650 2446; baseline 0.001 -26"><span class='ocrx_word' id='word_1_136' title='bbox 612 2348 824 2422; x_wconf 88' lang='lat' dir='ltr'>tionis</span> <span class='ocrx_word' id='word_1_137' title='bbox 878 2347 1193 2422; x_wconf 86' lang='lat' dir='ltr'>membra</span> <span class='ocrx_word' id='word_1_138' title='bbox 1260 2354 1666 2446; x_wconf 84' lang='lat' dir='ltr'>aequentur.</span> <span class='ocrx_word' id='word_1_139' title='bbox 1788 2347 2095 2424; x_wconf 89' lang='lat' dir='ltr'>Omnino</span> <span class='ocrx_word' id='word_1_140' title='bbox 2152 2373 2307 2424; x_wconf 90' lang='lat' dir='ltr'>vere</span> <span class='ocrx_word' id='word_1_141' title='bbox 2362 2348 2534 2422; x_wconf 92' lang='lat' dir='ltr'>mihi</span> <span class='ocrx_word' id='word_1_142' title='bbox 2598 2356 2920 2422; x_wconf 87' lang='lat' dir='ltr'>naturam</span> <span class='ocrx_word' id='word_1_143' title='bbox 2967 2347 3398 2446; x_wconf 87' lang='lat' dir='ltr'>eloquentiae</span> <span class='ocrx_word' id='word_1_144' title='bbox 3457 2347 3650 2422; x_wconf 88' lang='lat' dir='ltr'>Cice-</span> 
     </span>
     <span class='ocr_line' id='line_1_15' title="bbox 616 2466 3654 2567; baseline -0 -26"><span class='ocrx_word' id='word_1_145' title='bbox 616 2468 938 2543; x_wconf 87' lang='lat' dir='ltr'>ronianae</span> <span class='ocrx_word' id='word_1_146' title='bbox 994 2466 1425 2564; x_wconf 82' lang='lat' dir='ltr'>perspexisse</span> <span class='ocrx_word' id='word_1_147' title='bbox 1487 2466 1847 2557; x_wconf 88' lang='lat' dir='ltr'>videntur,</span> <span class='ocrx_word' id='word_1_148' title='bbox 1918 2467 2041 2567; x_wconf 90' lang='lat' dir='ltr'>qui</span> <span class='ocrx_word' id='word_1_149' title='bbox 2105 2469 2430 2542; x_wconf 81' lang='lat' dir='ltr'>dixerunt</span> <span class='ocrx_word' id='word_1_150' title='bbox 2498 2467 2858 2542; x_wconf 75' lang='lat' dir='ltr'>Crcsuom</span> <span class='ocrx_word' id='word_1_151' title='bbox 2931 2466 3106 2541; x_wconf 89' lang='lat' dir='ltr'>nihil</span> <span class='ocrx_word' id='word_1_152' title='bbox 3169 2491 3368 2566; x_wconf 88' lang='lat' dir='ltr'>posse</span> <span class='ocrx_word' id='word_1_153' title='bbox 3449 2466 3654 2541; x_wconf 88' lang='lat' dir='ltr'>adiici</span> 
     </span>
     <span class='ocr_line' id='line_1_16' title="bbox 620 2583 3653 2718; baseline -0.001 -58"><span class='ocrx_word' id='word_1_154' title='bbox 620 2583 1213 2718; x_wconf 79' lang='lat' dir='ltr'>quemadmodum</span> <span class='ocrx_word' id='word_1_155' title='bbox 1262 2585 1757 2664; x_wconf 62' lang='lat' dir='ltr'>Dauom-nm</span> <span class='ocrx_word' id='word_1_156' title='bbox 1820 2588 1995 2662; x_wconf 89' lang='lat' dir='ltr'>nihil</span> <span class='ocrx_word' id='word_1_157' title='bbox 2042 2587 2250 2663; x_wconf 88' lang='lat' dir='ltr'>demi.</span> <span class='ocrx_word' id='word_1_158' title='bbox 2353 2588 2718 2662; x_wconf 76' lang='lat' dir='ltr'>Crcnnom</span> <span class='ocrx_word' id='word_1_159' title='bbox 2789 2587 2845 2662; x_wconf 87' lang='lat' dir='ltr'>si</span> <span class='ocrx_word' id='word_1_160' title='bbox 2895 2586 3066 2686; x_wconf 90' lang='lat' dir='ltr'>quid</span> <span class='ocrx_word' id='word_1_161' title='bbox 3119 2594 3402 2662; x_wconf 88' lang='lat' dir='ltr'>ornatus</span> <span class='ocrx_word' id='word_1_162' title='bbox 3459 2585 3653 2660; x_wconf 89' lang='lat' dir='ltr'>addi-</span> 
     </span>
     <span class='ocr_line' id='line_1_17' title="bbox 620 2703 3656 2843; baseline -0.001 -63"><span class='ocrx_word' id='word_1_163' title='bbox 620 2706 841 2792; x_wconf 89' lang='lat' dir='ltr'>deris,</span> <span class='ocrx_word' id='word_1_164' title='bbox 905 2705 979 2779; x_wconf 91' lang='lat' dir='ltr'>in</span> <span class='ocrx_word' id='word_1_165' title='bbox 1047 2703 1417 2780; x_wconf 86' lang='lat' dir='ltr'>levioribus</span> <span class='ocrx_word' id='word_1_166' title='bbox 1486 2707 1777 2783; x_wconf 88' lang='lat' dir='ltr'>comtior</span> <span class='ocrx_word' id='word_1_167' title='bbox 1825 2707 1957 2783; x_wconf 87' lang='lat' dir='ltr'>erit</span> <span class='ocrx_word' id='word_1_168' title='bbox 2010 2708 2226 2784; x_wconf 88' lang='lat' dir='ltr'>oratio</span> <span class='ocrx_word' id='word_1_169' title='bbox 2275 2733 2488 2843; x_wconf 89' lang='lat' dir='ltr'>quam</span> <span class='ocrx_word' id='word_1_170' title='bbox 2534 2708 2916 2796; x_wconf 87' lang='lat' dir='ltr'>robustior,</span> <span class='ocrx_word' id='word_1_171' title='bbox 2977 2713 3048 2782; x_wconf 90' lang='lat' dir='ltr'>et</span> <span class='ocrx_word' id='word_1_172' title='bbox 3097 2706 3394 2784; x_wconf 89' lang='lat' dir='ltr'>subinde</span> <span class='ocrx_word' id='word_1_173' title='bbox 3445 2728 3656 2805; x_wconf 88' lang='lat' dir='ltr'>prope</span> 
     </span>
     <span class='ocr_line' id='line_1_18' title="bbox 622 2823 3661 2932; baseline -0.001 -30"><span class='ocrx_word' id='word_1_174' title='bbox 622 2826 713 2902; x_wconf 90' lang='lat' dir='ltr'>ad</span> <span class='ocrx_word' id='word_1_175' title='bbox 764 2823 1389 2932; x_wconf 84' lang='lat' dir='ltr'>suaviloquentiam</span> <span class='ocrx_word' id='word_1_176' title='bbox 1441 2827 1857 2904; x_wconf 86' lang='lat' dir='ltr'>Isocrateam</span> <span class='ocrx_word' id='word_1_177' title='bbox 1908 2826 2223 2916; x_wconf 88' lang='lat' dir='ltr'>accedet;</span> <span class='ocrx_word' id='word_1_178' title='bbox 2289 2829 2361 2902; x_wconf 90' lang='lat' dir='ltr'>in</span> <span class='ocrx_word' id='word_1_179' title='bbox 2404 2829 2834 2928; x_wconf 85' lang='lat' dir='ltr'>argumentis</span> <span class='ocrx_word' id='word_1_180' title='bbox 2876 2827 3305 2928; x_wconf 82' lang='lat' dir='ltr'>gravioribus</span> <span class='ocrx_word' id='word_1_181' title='bbox 3347 2823 3661 2901; x_wconf 86' lang='lat' dir='ltr'>tumidus</span> 
     </span>
     <span class='ocr_line' id='line_1_19' title="bbox 624 2943 3662 3048; baseline 0 -30"><span class='ocrx_word' id='word_1_182' title='bbox 624 2943 977 3022; x_wconf 84' lang='lat' dir='ltr'>videbitur</span> <span class='ocrx_word' id='word_1_183' title='bbox 1033 2955 1106 3019; x_wconf 89' lang='lat' dir='ltr'>et</span> <span class='ocrx_word' id='word_1_184' title='bbox 1160 2943 1463 3022; x_wconf 85' lang='lat' dir='ltr'>inflatus.</span> <span class='ocrx_word' id='word_1_185' title='bbox 1566 2947 1709 3022; x_wconf 88' lang='lat' dir='ltr'>Sed</span> <span class='ocrx_word' id='word_1_186' title='bbox 1768 2955 1851 3023; x_wconf 90' lang='lat' dir='ltr'>ut</span> <span class='ocrx_word' id='word_1_187' title='bbox 1906 2948 2129 3024; x_wconf 89' lang='lat' dir='ltr'>multa</span> <span class='ocrx_word' id='word_1_188' title='bbox 2186 2949 2558 3025; x_wconf 90' lang='lat' dir='ltr'>Dircaeum</span> <span class='ocrx_word' id='word_1_189' title='bbox 2619 2949 2802 3024; x_wconf 87' lang='lat' dir='ltr'>levat</span> <span class='ocrx_word' id='word_1_190' title='bbox 2861 2973 3028 3024; x_wconf 89' lang='lat' dir='ltr'>aura</span> <span class='ocrx_word' id='word_1_191' title='bbox 3087 2972 3424 3048; x_wconf 82' lang='lat' dir='ltr'>cycnum,</span> <span class='ocrx_word' id='word_1_192' title='bbox 3485 2969 3662 3044; x_wconf 86' lang='lat' dir='ltr'>quae</span> 
     </span>
     <span class='ocr_line' id='line_1_20' title="bbox 624 3063 3663 3201; baseline 0 -62"><span class='ocrx_word' id='word_1_193' title='bbox 624 3063 935 3140; x_wconf 87' lang='lat' dir='ltr'>Matinae</span> <span class='ocrx_word' id='word_1_194' title='bbox 988 3063 1103 3162; x_wconf 89' lang='lat' dir='ltr'>api</span> <span class='ocrx_word' id='word_1_195' title='bbox 1152 3085 1291 3139; x_wconf 88' lang='lat' dir='ltr'>non</span> <span class='ocrx_word' id='word_1_196' title='bbox 1340 3071 1447 3140; x_wconf 87' lang='lat' dir='ltr'>est</span> <span class='ocrx_word' id='word_1_197' title='bbox 1498 3067 1839 3201; x_wconf 77' lang='lat' dir='ltr'>optanda,</span> <span class='ocrx_word' id='word_1_198' title='bbox 1900 3067 1997 3142; x_wconf 90' lang='lat' dir='ltr'>sic</span> <span class='ocrx_word' id='word_1_199' title='bbox 2050 3092 2405 3142; x_wconf 91' lang='lat' dir='ltr'>summum</span> <span class='ocrx_word' id='word_1_200' title='bbox 2458 3067 2935 3144; x_wconf 79' lang='lat' dir='ltr'>Romanorum</span> <span class='ocrx_word' id='word_1_201' title='bbox 2989 3075 3326 3144; x_wconf 90' lang='lat' dir='ltr'>oratorem</span> <span class='ocrx_word' id='word_1_202' title='bbox 3375 3067 3448 3141; x_wconf 91' lang='lat' dir='ltr'>in</span> <span class='ocrx_word' id='word_1_203' title='bbox 3503 3089 3663 3141; x_wconf 89' lang='lat' dir='ltr'>con-</span> 
     </span>
     <span class='ocr_line' id='line_1_21' title="bbox 628 3183 3666 3285; baseline 0 -27"><span class='ocrx_word' id='word_1_204' title='bbox 628 3183 945 3260; x_wconf 89' lang='lat' dir='ltr'>cionibus</span> <span class='ocrx_word' id='word_1_205' title='bbox 1004 3191 1077 3258; x_wconf 90' lang='lat' dir='ltr'>et</span> <span class='ocrx_word' id='word_1_206' title='bbox 1142 3189 1389 3260; x_wconf 88' lang='lat' dir='ltr'>senatu</span> <span class='ocrx_word' id='word_1_207' title='bbox 1444 3184 1687 3260; x_wconf 86' lang='lat' dir='ltr'>maiori</span> <span class='ocrx_word' id='word_1_208' title='bbox 1746 3185 1998 3285; x_wconf 89' lang='lat' dir='ltr'>spiritu</span> <span class='ocrx_word' id='word_1_209' title='bbox 2041 3185 2201 3260; x_wconf 83' lang='lat' dir='ltr'>ferri</span> <span class='ocrx_word' id='word_1_210' title='bbox 2242 3212 2366 3285; x_wconf 90' lang='lat' dir='ltr'>par</span> <span class='ocrx_word' id='word_1_211' title='bbox 2412 3193 2518 3260; x_wconf 88' lang='lat' dir='ltr'>est</span> <span class='ocrx_word' id='word_1_212' title='bbox 2537 3245 2558 3274; x_wconf 99' lang='lat'>,</span> <span class='ocrx_word' id='word_1_213' title='bbox 2608 3211 2818 3285; x_wconf 88' lang='lat' dir='ltr'>quam</span> <span class='ocrx_word' id='word_1_214' title='bbox 2871 3211 2996 3260; x_wconf 89' lang='lat' dir='ltr'>nos</span> <span class='ocrx_word' id='word_1_215' title='bbox 3017 3245 3036 3274; x_wconf 93' lang='lat'>,</span> <span class='ocrx_word' id='word_1_216' title='bbox 3089 3186 3346 3285; x_wconf 90' lang='lat' dir='ltr'>quibus</span> <span class='ocrx_word' id='word_1_217' title='bbox 3389 3185 3666 3284; x_wconf 83' lang='lat' dir='ltr'>linguae</span> 
     </span>
     <span class='ocr_line' id='line_1_22' title="bbox 626 3303 3668 3405; baseline -0.001 -25"><span class='ocrx_word' id='word_1_218' title='bbox 626 3304 918 3380; x_wconf 84' lang='lat' dir='ltr'>Latinae</span> <span class='ocrx_word' id='word_1_219' title='bbox 959 3328 1128 3380; x_wconf 87' lang='lat' dir='ltr'>usus</span> <span class='ocrx_word' id='word_1_220' title='bbox 1166 3303 1393 3404; x_wconf 83' lang='lat' dir='ltr'>magis</span> <span class='ocrx_word' id='word_1_221' title='bbox 1440 3312 1547 3380; x_wconf 87' lang='lat' dir='ltr'>est</span> <span class='ocrx_word' id='word_1_222' title='bbox 1586 3306 1965 3405; x_wconf 85' lang='lat' dir='ltr'>palaestrae</span> <span class='ocrx_word' id='word_1_223' title='bbox 2012 3313 2083 3381; x_wconf 90' lang='lat' dir='ltr'>et</span> <span class='ocrx_word' id='word_1_224' title='bbox 2126 3305 2259 3382; x_wconf 92' lang='lat' dir='ltr'>olei</span> <span class='ocrx_word' id='word_1_225' title='bbox 2306 3329 2518 3404; x_wconf 89' lang='lat' dir='ltr'>quam</span> <span class='ocrx_word' id='word_1_226' title='bbox 2555 3305 2772 3380; x_wconf 88' lang='lat' dir='ltr'>civilis</span> <span class='ocrx_word' id='word_1_227' title='bbox 2808 3306 3285 3381; x_wconf 57' lang='lat' dir='ltr'>contentionis</span> <span class='ocrx_word' id='word_1_228' title='bbox 3369 3305 3462 3380; x_wconf 82' lang='lat' dir='ltr'>Et</span> <span class='ocrx_word' id='word_1_229' title='bbox 3501 3312 3668 3378; x_wconf 87' lang='lat' dir='ltr'>sunt</span> 
     </span>
     <span class='ocr_line' id='line_1_23' title="bbox 629 3423 3665 3526; baseline 0.001 -29"><span class='ocrx_word' id='word_1_230' title='bbox 629 3424 699 3498; x_wconf 93' lang='lat' dir='ltr'>in</span> <span class='ocrx_word' id='word_1_231' title='bbox 764 3424 937 3522; x_wconf 88' lang='lat' dir='ltr'>ipsis</span> <span class='ocrx_word' id='word_1_232' title='bbox 1006 3423 1384 3513; x_wconf 90' lang='lat' dir='ltr'>veteribus,</span> <span class='ocrx_word' id='word_1_233' title='bbox 1456 3425 1581 3523; x_wconf 85' lang='lat' dir='ltr'>qui</span> <span class='ocrx_word' id='word_1_234' title='bbox 1636 3425 1725 3502; x_wconf 90' lang='lat' dir='ltr'>de</span> <span class='ocrx_word' id='word_1_235' title='bbox 1790 3433 1987 3526; x_wconf 86' lang='lat' dir='ltr'>patre</span> <span class='ocrx_word' id='word_1_236' title='bbox 2030 3425 2461 3526; x_wconf 87' lang='lat' dir='ltr'>eloquentiae</span> <span class='ocrx_word' id='word_1_237' title='bbox 2513 3427 2868 3502; x_wconf 85' lang='lat' dir='ltr'>Romanae</span> <span class='ocrx_word' id='word_1_238' title='bbox 2919 3451 3055 3501; x_wconf 89' lang='lat' dir='ltr'>non</span> <span class='ocrx_word' id='word_1_239' title='bbox 3105 3427 3340 3502; x_wconf 89' lang='lat' dir='ltr'>omnia</span> <span class='ocrx_word' id='word_1_240' title='bbox 3389 3425 3665 3525; x_wconf 84' lang='lat' dir='ltr'>egregia</span> 
     </span>
     <span class='ocr_line' id='line_1_24' title="bbox 632 3543 3785 3646; baseline 0 -28"><span class='ocrx_word' id='word_1_241' title='bbox 632 3543 991 3630; x_wconf 82' lang='lat' dir='ltr'>senserint.</span> <span class='ocrx_word' id='word_1_242' title='bbox 1067 3543 1442 3619; x_wconf 84' lang='lat' dir='ltr'>Nonnullis</span> <span class='ocrx_word' id='word_1_243' title='bbox 1488 3544 1813 3622; x_wconf 74' lang='lat' dir='ltr'>ninflatus</span> <span class='ocrx_word' id='word_1_244' title='bbox 1860 3553 1933 3622; x_wconf 86' lang='lat' dir='ltr'>et</span> <span class='ocrx_word' id='word_1_245' title='bbox 1977 3546 2293 3622; x_wconf 88' lang='lat' dir='ltr'>tumidus</span> <span class='ocrx_word' id='word_1_246' title='bbox 2314 3606 2334 3636; x_wconf 90' lang='lat'>‚</span> <span class='ocrx_word' id='word_1_247' title='bbox 2383 3573 2512 3622; x_wconf 91' lang='lat' dir='ltr'>nec</span> <span class='ocrx_word' id='word_1_248' title='bbox 2555 3547 2722 3623; x_wconf 87' lang='lat' dir='ltr'>satis</span> <span class='ocrx_word' id='word_1_249' title='bbox 2765 3569 3046 3646; x_wconf 88' lang='lat' dir='ltr'>pressus</span> <span class='ocrx_word' id='word_1_250' title='bbox 3063 3606 3083 3636; x_wconf 92' lang='lat'>,</span> <span class='ocrx_word' id='word_1_251' title='bbox 3135 3546 3258 3620; x_wconf 88' lang='lat' dir='ltr'>sed</span> <span class='ocrx_word' id='word_1_252' title='bbox 3285 3571 3493 3646; x_wconf 89' lang='lat' dir='ltr'>supra</span> <span class='ocrx_word' id='word_1_253' title='bbox 3521 3569 3664 3619; x_wconf 91' lang='lat' dir='ltr'>mo·</span> <span class='ocrx_word' id='word_1_254' title='bbox 3782 3643 3785 3645; x_wconf 20' lang='grc'>-</span> 
     </span>
     <span class='ocr_line' id='line_1_25' title="bbox 632 3662 3667 3765; baseline 0.001 -30"><span class='ocrx_word' id='word_1_255' title='bbox 632 3662 801 3736; x_wconf 90' lang='lat' dir='ltr'>dum</span> <span class='ocrx_word' id='word_1_256' title='bbox 844 3662 1199 3737; x_wconf 84' lang='lat' dir='ltr'>exsultans</span> <span class='ocrx_word' id='word_1_257' title='bbox 1234 3671 1307 3737; x_wconf 91' lang='lat' dir='ltr'>et</span> <span class='ocrx_word' id='word_1_258' title='bbox 1348 3665 1781 3762; x_wconf 86' lang='lat' dir='ltr'>superfluens</span> <span class='ocrx_word' id='word_1_259' title='bbox 1812 3675 1885 3740; x_wconf 91' lang='lat' dir='ltr'>et</span> <span class='ocrx_word' id='word_1_260' title='bbox 1920 3690 2165 3765; x_wconf 87' lang='lat' dir='ltr'>parum</span> <span class='ocrx_word' id='word_1_261' title='bbox 2210 3667 2538 3742; x_wconf 87' lang='lat' dir='ltr'>Atticus’&#39;</span> <span class='ocrx_word' id='word_1_262' title='bbox 2588 3667 2952 3742; x_wconf 87' lang='lat' dir='ltr'>videbatur</span> <span class='ocrx_word' id='word_1_263' title='bbox 2972 3669 3056 3759; x_wconf 88' lang='lat'>¹).</span> <span class='ocrx_word' id='word_1_264' title='bbox 3135 3664 3510 3740; x_wconf 82' lang='lat' dir='ltr'>Tribuatur</span> <span class='ocrx_word' id='word_1_265' title='bbox 3537 3663 3667 3739; x_wconf 90' lang='lat' dir='ltr'>hoc</span> 
     </span>
     <span class='ocr_line' id='line_1_26' title="bbox 632 3781 3664 3885; baseline 0.001 -31"><span class='ocrx_word' id='word_1_266' title='bbox 632 3781 885 3880; x_wconf 85' lang='lat' dir='ltr'>partim</span> <span class='ocrx_word' id='word_1_267' title='bbox 925 3781 1225 3856; x_wconf 88' lang='lat' dir='ltr'>invidiae</span> <span class='ocrx_word' id='word_1_268' title='bbox 1241 3814 1261 3870; x_wconf 81' lang='lat'>3</span> <span class='ocrx_word' id='word_1_269' title='bbox 1329 3789 1403 3856; x_wconf 88' lang='lat' dir='ltr'>at</span> <span class='ocrx_word' id='word_1_270' title='bbox 1438 3783 1690 3881; x_wconf 84' lang='lat' dir='ltr'>partim</span> <span class='ocrx_word' id='word_1_271' title='bbox 1728 3792 1913 3860; x_wconf 86' lang='lat' dir='ltr'>recte</span> <span class='ocrx_word' id='word_1_272' title='bbox 1961 3785 2303 3860; x_wconf 87' lang='lat' dir='ltr'>iudicasse</span> <span class='ocrx_word' id='word_1_273' title='bbox 2348 3787 2676 3862; x_wconf 87' lang='lat' dir='ltr'>censendi</span> <span class='ocrx_word' id='word_1_274' title='bbox 2721 3794 2925 3875; x_wconf 88' lang='lat' dir='ltr'>sunt,</span> <span class='ocrx_word' id='word_1_275' title='bbox 2977 3787 3100 3885; x_wconf 90' lang='lat' dir='ltr'>qui</span> <span class='ocrx_word' id='word_1_276' title='bbox 3139 3785 3426 3860; x_wconf 91' lang='lat' dir='ltr'>minime</span> <span class='ocrx_word' id='word_1_277' title='bbox 3467 3783 3664 3859; x_wconf 91' lang='lat' dir='ltr'>illum</span> 
     </span>
     <span class='ocr_line' id='line_1_27' title="bbox 568 3899 3670 4006; baseline 0.001 -31"><span class='ocrx_word' id='word_1_278' title='bbox 568 3913 571 3918; x_wconf 83' lang='grc'><strong>’</strong></span> <span class='ocrx_word' id='word_1_279' title='bbox 635 3924 797 3976; x_wconf 91' lang='lat' dir='ltr'>cum</span> <span class='ocrx_word' id='word_1_280' title='bbox 855 3899 1246 3976; x_wconf 88' lang='lat' dir='ltr'>Atticorum</span> <span class='ocrx_word' id='word_1_281' title='bbox 1316 3899 1685 3979; x_wconf 87' lang='lat' dir='ltr'>sobrietate</span> <span class='ocrx_word' id='word_1_282' title='bbox 1736 3927 1889 3979; x_wconf 89' lang='lat' dir='ltr'>esse</span> <span class='ocrx_word' id='word_1_283' title='bbox 1930 3906 2476 4006; x_wconf 88' lang='lat' dir='ltr'>comparandum</span> <span class='ocrx_word' id='word_1_284' title='bbox 2491 3964 2511 3995; x_wconf 91' lang='lat'>,</span> <span class='ocrx_word' id='word_1_285' title='bbox 2575 3915 2646 3980; x_wconf 89' lang='lat' dir='ltr'>et</span> <span class='ocrx_word' id='word_1_286' title='bbox 2693 3906 3207 4004; x_wconf 88' lang='lat' dir='ltr'>quodammodo</span> <span class='ocrx_word' id='word_1_287' title='bbox 3263 3904 3517 3980; x_wconf 89' lang='lat' dir='ltr'>saeculi</span> <span class='ocrx_word' id='word_1_288' title='bbox 3561 3904 3670 3977; x_wconf 91' lang='lat' dir='ltr'>sui</span> 
     </span>
     <span class='ocr_line' id='line_1_28' title="bbox 636 4019 3668 4127; baseline 0.001 -33"><span class='ocrx_word' id='word_1_289' title='bbox 636 4020 918 4120; x_wconf 80' lang='lat' dir='ltr'>ingenio</span> <span class='ocrx_word' id='word_1_290' title='bbox 956 4019 1191 4096; x_wconf 88' lang='lat' dir='ltr'>litasse</span> <span class='ocrx_word' id='word_1_291' title='bbox 1208 4079 1231 4112; x_wconf 91' lang='lat'>,</span> <span class='ocrx_word' id='word_1_292' title='bbox 1264 4027 1347 4096; x_wconf 90' lang='lat' dir='ltr'>ut</span> <span class='ocrx_word' id='word_1_293' title='bbox 1379 4019 1469 4097; x_wconf 89' lang='lat' dir='ltr'>ab</span> <span class='ocrx_word' id='word_1_294' title='bbox 1503 4021 1814 4099; x_wconf 87' lang='lat' dir='ltr'>Asiatico</span> <span class='ocrx_word' id='word_1_295' title='bbox 1850 4023 2125 4100; x_wconf 87' lang='lat' dir='ltr'>dicendi</span> <span class='ocrx_word' id='word_1_296' title='bbox 2148 4049 2401 4124; x_wconf 82' lang='lat' dir='ltr'>genere</span> <span class='ocrx_word' id='word_1_297' title='bbox 2420 4048 2560 4101; x_wconf 92' lang='lat' dir='ltr'>non</span> <span class='ocrx_word' id='word_1_298' title='bbox 2582 4027 2822 4127; x_wconf 88' lang='lat' dir='ltr'>procul</span> <span class='ocrx_word' id='word_1_299' title='bbox 2847 4024 3159 4116; x_wconf 89' lang='lat' dir='ltr'>abesset,</span> <span class='ocrx_word' id='word_1_300' title='bbox 3189 4023 3668 4100; x_wconf 79' lang='lat' dir='ltr'>existimarint.</span> 
     </span>
     <span class='ocr_line' id='line_1_29' title="bbox 736 4141 3669 4246; baseline -0.001 -24"><span class='ocrx_word' id='word_1_301' title='bbox 736 4143 1095 4222; x_wconf 86' lang='lat' dir='ltr'>Quorsum</span> <span class='ocrx_word' id='word_1_302' title='bbox 1154 4141 1373 4241; x_wconf 84' lang='lat' dir='ltr'>igitur</span> <span class='ocrx_word' id='word_1_303' title='bbox 1416 4141 1636 4220; x_wconf 77' lang='lat' dir='ltr'>haec?</span> <span class='ocrx_word' id='word_1_304' title='bbox 1734 4145 1834 4218; x_wconf 90' lang='lat' dir='ltr'>Ut</span> <span class='ocrx_word' id='word_1_305' title='bbox 1880 4144 2211 4222; x_wconf 86' lang='lat' dir='ltr'>nimirum</span> <span class='ocrx_word' id='word_1_306' title='bbox 2259 4146 2716 4246; x_wconf 83' lang='lat' dir='ltr'>intelligatur,</span> <span class='ocrx_word' id='word_1_307' title='bbox 2767 4169 2980 4246; x_wconf 88' lang='lat' dir='ltr'>quam</span> <span class='ocrx_word' id='word_1_308' title='bbox 3036 4169 3350 4246; x_wconf 88' lang='lat' dir='ltr'>perverse</span> <span class='ocrx_word' id='word_1_309' title='bbox 3404 4170 3447 4219; x_wconf 86' lang='lat' dir='ltr'>a</span> <span class='ocrx_word' id='word_1_310' title='bbox 3497 4169 3669 4219; x_wconf 91' lang='lat' dir='ltr'>non-</span> 
     </span>
     <span class='ocr_line' id='line_1_30' title="bbox 633 4261 3669 4363; baseline -0 -26"><span class='ocrx_word' id='word_1_311' title='bbox 633 4261 848 4338; x_wconf 87' lang='lat' dir='ltr'>nullis</span> <span class='ocrx_word' id='word_1_312' title='bbox 907 4262 1157 4338; x_wconf 89' lang='lat' dir='ltr'>Latine</span> <span class='ocrx_word' id='word_1_313' title='bbox 1212 4263 1676 4339; x_wconf 86' lang='lat' dir='ltr'>scribentibus</span> <span class='ocrx_word' id='word_1_314' title='bbox 1722 4262 1969 4362; x_wconf 90' lang='lat' dir='ltr'>reliqui</span> <span class='ocrx_word' id='word_1_315' title='bbox 2019 4271 2281 4340; x_wconf 85' lang='lat' dir='ltr'>veteres</span> <span class='ocrx_word' id='word_1_316' title='bbox 2329 4287 2492 4363; x_wconf 88' lang='lat' dir='ltr'>prae</span> <span class='ocrx_word' id='word_1_317' title='bbox 2539 4263 2822 4340; x_wconf 72' lang='lat' dir='ltr'>Tunmo</span> <span class='ocrx_word' id='word_1_318' title='bbox 2873 4271 3421 4340; x_wconf 88' lang='lat' dir='ltr'>contemnantur.</span> <span class='ocrx_word' id='word_1_319' title='bbox 3501 4263 3669 4336; x_wconf 90' lang='lat' dir='ltr'>Pro-</span> 
     </span>
     <span class='ocr_line' id='line_1_31' title="bbox 640 4380 3674 4482; baseline -0 -26"><span class='ocrx_word' id='word_1_320' title='bbox 640 4382 781 4458; x_wconf 81' lang='lat' dir='ltr'>cul.</span> <span class='ocrx_word' id='word_1_321' title='bbox 816 4380 1055 4470; x_wconf 87' lang='lat' dir='ltr'>abest,</span> <span class='ocrx_word' id='word_1_322' title='bbox 1116 4389 1198 4456; x_wconf 90' lang='lat' dir='ltr'>ut</span> <span class='ocrx_word' id='word_1_323' title='bbox 1254 4381 1380 4482; x_wconf 87' lang='lat' dir='ltr'>qui</span> <span class='ocrx_word' id='word_1_324' title='bbox 1430 4389 1717 4460; x_wconf 82' lang='lat' dir='ltr'>naturae</span> <span class='ocrx_word' id='word_1_325' title='bbox 1762 4382 2065 4482; x_wconf 86' lang='lat' dir='ltr'>quadam</span> <span class='ocrx_word' id='word_1_326' title='bbox 2110 4383 2562 4472; x_wconf 84' lang='lat' dir='ltr'>consensione</span> <span class='ocrx_word' id='word_1_327' title='bbox 2611 4407 2774 4460; x_wconf 92' lang='lat' dir='ltr'>cum</span> <span class='ocrx_word' id='word_1_328' title='bbox 2816 4385 3193 4460; x_wconf 66' lang='lat' dir='ltr'>Clcnaome</span> <span class='ocrx_word' id='word_1_329' title='bbox 3239 4382 3636 4482; x_wconf 90' lang='lat' dir='ltr'>conspirans</span> <span class='ocrx_word' id='word_1_330' title='bbox 3654 4439 3674 4470; x_wconf 92' lang='lat'>‚</span> 
     </span>
     <span class='ocr_line' id='line_1_32' title="bbox 644 4499 3673 4604; baseline 0.001 -30"><span class='ocrx_word' id='word_1_331' title='bbox 644 4501 829 4574; x_wconf 89' lang='lat' dir='ltr'>hunc</span> <span class='ocrx_word' id='word_1_332' title='bbox 868 4501 941 4574; x_wconf 90' lang='lat' dir='ltr'>in</span> <span class='ocrx_word' id='word_1_333' title='bbox 982 4499 1423 4577; x_wconf 86' lang='lat' dir='ltr'>orationibus.</span> <span class='ocrx_word' id='word_1_334' title='bbox 1450 4525 1589 4578; x_wconf 89' lang='lat' dir='ltr'>non</span> <span class='ocrx_word' id='word_1_335' title='bbox 1630 4503 1879 4602; x_wconf 82' lang='lat' dir='ltr'>putida</span> <span class='ocrx_word' id='word_1_336' title='bbox 1922 4501 2281 4604; x_wconf 78' lang='lat' dir='ltr'>diligentia</span> <span class='ocrx_word' id='word_1_337' title='bbox 2300 4563 2319 4593; x_wconf 92' lang='lat'>,</span> <span class='ocrx_word' id='word_1_338' title='bbox 2364 4505 2488 4580; x_wconf 87' lang='lat' dir='ltr'>sed</span> <span class='ocrx_word' id='word_1_339' title='bbox 2533 4507 2684 4604; x_wconf 91' lang='lat' dir='ltr'>ipso</span> <span class='ocrx_word' id='word_1_340' title='bbox 2723 4503 3002 4604; x_wconf 84' lang='lat' dir='ltr'>ingenio</span> <span class='ocrx_word' id='word_1_341' title='bbox 3045 4503 3344 4580; x_wconf 88' lang='lat' dir='ltr'>ducente</span> <span class='ocrx_word' id='word_1_342' title='bbox 3386 4508 3457 4578; x_wconf 89' lang='lat' dir='ltr'>et</span> <span class='ocrx_word' id='word_1_343' title='bbox 3493 4500 3673 4576; x_wconf 88' lang='lat' dir='ltr'>viam</span> 
     </span>
     <span class='ocr_line' id='line_1_33' title="bbox 642 4619 3674 4723; baseline 0.002 -27"><span class='ocrx_word' id='word_1_344' title='bbox 642 4627 1227 4696; x_wconf 83' lang='lat' dir='ltr'>commonstraute</span> <span class='ocrx_word' id='word_1_345' title='bbox 1266 4619 1579 4698; x_wconf 87' lang='lat' dir='ltr'>imitetur</span> <span class='ocrx_word' id='word_1_346' title='bbox 1597 4680 1618 4711; x_wconf 91' lang='lat'>‚</span> <span class='ocrx_word' id='word_1_347' title='bbox 1664 4623 2131 4722; x_wconf 87' lang='lat' dir='ltr'>spernendum</span> <span class='ocrx_word' id='word_1_348' title='bbox 2179 4632 2461 4723; x_wconf 79' lang='lat' dir='ltr'>putem3</span> <span class='ocrx_word' id='word_1_349' title='bbox 2511 4623 2633 4699; x_wconf 87' lang='lat' dir='ltr'>sed</span> <span class='ocrx_word' id='word_1_350' title='bbox 2679 4622 2866 4702; x_wconf 88' lang='lat' dir='ltr'>idem</span> <span class='ocrx_word' id='word_1_351' title='bbox 2917 4623 3218 4700; x_wconf 87' lang='lat' dir='ltr'>admiror</span> <span class='ocrx_word' id='word_1_352' title='bbox 3257 4645 3396 4698; x_wconf 90' lang='lat' dir='ltr'>nou</span> <span class='ocrx_word' id='word_1_353' title='bbox 3443 4621 3674 4702; x_wconf 83' lang='lat' dir='ltr'>miuus</span> 
     </span>
    </p>
   </div>
   <div class='ocr_carea' id='block_1_3' title="bbox 732 4881 1546 4959">
    <p class='ocr_par' dir='ltr' id='par_1_3' title="bbox 732 4881 1546 4959">
     <span class='ocr_line' id='line_1_34' title="bbox 732 4881 1546 4959; baseline 0 -14"><span class='ocrx_word' id='word_1_354' title='bbox 732 4881 783 4959; x_wconf 82' lang='lat'>¹)</span> <span class='ocrx_word' id='word_1_355' title='bbox 824 4882 981 4945; x_wconf 74' lang='lat' dir='ltr'>Dial.</span> <span class='ocrx_word' id='word_1_356' title='bbox 1018 4883 1085 4944; x_wconf 82' lang='lat' dir='ltr'>de</span> <span class='ocrx_word' id='word_1_357' title='bbox 1126 4883 1317 4946; x_wconf 70' lang='lat' dir='ltr'>Ornet.</span> <span class='ocrx_word' id='word_1_358' title='bbox 1357 4902 1407 4948; x_wconf 82' lang='lat' dir='ltr'>e.</span> <span class='ocrx_word' id='word_1_359' title='bbox 1453 4888 1546 4946; x_wconf 76' lang='lat'>19.</span> 
     </span>
    </p>
   </div>
  </div>
 </body>
</html>
