4934 6184
1411 671 1540 740 138
2297 667 2352 733 Ι.
2413 664 2490 732 Α.
2552 663 2621 731 C.
2680 659 3083 733 ROVERS
3149 663 3551 734 ORATIO.

1409 876 1712 954 maxime
1772 873 2064 973 indiget.
2164 871 2268 949 Hi
2331 879 2414 948 ut
2469 895 2511 948 e
2556 871 2751 948 nulle
2792 897 2932 948 non
2980 873 3349 950 Musarum
3396 872 3561 947 sede
3606 871 3943 972 prodeant
3990 877 4200 954 multi
4217 935 4254 972 a
4288 902 4437 978 pro·

1408 997 1620 1074 deant
1690 995 1764 1070 in
1825 993 2070 1093 primis
2129 1015 2170 1068 e
2227 991 2617 1069 Truieotina
2678 1000 2914 1070 nostra
2932 1051 2951 1082 ,
3024 1000 3247 1068 vestro
3302 1017 3391 1068 ex
3442 990 3683 1067 ordine
3701 1051 3721 1084 ‚
3789 994 4062 1094 Optimi
4106 999 4403 1073 Iuvenes
4420 1058 4439 1089 ‚

1409 1115 1588 1216 quid
1617 1114 1846 1190 dicem
1879 1137 2091 1212 quam
2133 1112 2456 1189 ardenter
2498 1136 2741 1189 omnes
2784 1114 3144 1213 optemus!
3216 1112 3361 1188 Vos
3396 1111 3615 1213 igitur
3646 1114 4061 1214 cuicumque
4101 1117 4445 1194 doctrinae

1409 1258 1693 1336 operam
1741 1233 2010 1310 navatis
2029 1291 2050 1322 ‚
2102 1233 2311 1308 vestri
2357 1255 2762 1333 progressus
2780 1291 2800 1321 ‚
2849 1232 3221 1309 honorifica
3265 1233 3796 1332 Praeceptorum
3816 1292 3837 1323 ,
3886 1235 3976 1311 de
4026 1236 4218 1313 vobis
4270 1238 4443 1315 bene

1400 1354 1836 1457 sperantium
1855 1413 1874 1442 ,
1940 1353 2198 1430 iudicia
2263 1351 2440 1428 mihi
2487 1377 2691 1429 curae
2734 1361 2963 1429 erunt.
3059 1353 3392 1430 Vestrum
3434 1375 3593 1428 vero
3640 1363 3987 1456 quotquot
4034 1381 4203 1442 mea,
4240 1359 4437 1434 disci·

1415 1479 1608 1581 plina
1671 1484 1966 1554 utentur
1983 1535 2002 1566 ,
2068 1476 2244 1553 nihil
2303 1476 2499 1576 prius
2552 1477 2870 1577 potiusve
2916 1475 3189 1551 habebo
3227 1475 3365 1550 nisi
3410 1482 3492 1549 ut
3539 1474 3651 1550 his
3696 1498 3825 1575 pro
3871 1475 4135 1552 viribus
4181 1479 4436 1577 prospi-

1406 1601 1610 1676 ciam.
1709 1599 1866 1675 Hos
1909 1598 2180 1674 fortiter
2219 1597 2477 1674 hortari
2496 1657 2517 1688 ,
2564 1598 2783 1674 amice
2826 1621 3106 1673 monere
3141 1596 3471 1697 omnique
3507 1595 3743 1671 iuvare
3778 1596 4158 1674 officiorum
4196 1622 4438 1698 genere

1410 1720 1618 1820 longe
1684 1717 2164 1818 gratissimum
2221 1707 2369 1793 erit.
2474 1720 2677 1798 Quae
2736 1720 3021 1818 quidem
3084 1725 3167 1792 ut
3211 1716 3387 1794 mihi
3432 1740 3755 1818 prospere
3798 1715 4084 1806 cedant,
4134 1727 4220 1792 ut
4264 1719 4434 1794 Aca·

1409 1839 1680 1916 demine
1729 1837 2190 1914 Curatoribus
2234 1845 2446 1938 atque
2492 1839 2771 1940 collegis
2818 1839 2993 1916 meis
3034 1838 3266 1914 fausta
3313 1860 3515 1937 porro
3564 1836 3887 1914 eveniant
3934 1837 4169 1914 omnia
4187 1897 4207 1928 ‚
4256 1846 4329 1913 et
4364 1847 4439 1913 ut

1403 1959 1672 2035 alumni
1737 1958 2048 2034 discendi
2112 1959 2353 2034 ardore
2372 2018 2392 2048 ,
2479 1959 2961 2059 progressibus
2979 2019 2999 2049 ‚
3064 1957 3335 2058 pulchri
3350 2017 3369 2046 ‚
3438 1957 3581 2032 veri
3646 1956 4007 2057 sanctique
4064 1982 4298 2034 amore
4366 1985 4434 2034 se

1411 2080 1793 2192 plurimum
1843 2080 2366 2168 commendent,

2307 2342 2526 2394 FAxl'r
2577 2341 2763 2395 DEUS
2814 2341 3129 2395 omarus
3179 2335 3538 2394 luxum&
