4934 6184
1767 727 2329 797 ORATIO.
3435 732 3564 799 119

524 932 780 1033 quihus
851 931 1321 1011 doctrinarum
1376 934 1521 1011 fata
1576 934 1659 1010 'in
1727 944 2035 1013 mentem
2086 936 2407 1025 veniant,
2473 934 2583 1010 his
2627 958 2952 1036 prospera
2971 995 2991 1026 ,
3051 937 3338 1015 adversa
3381 938 3518 1015 illis
3541 998 3564 1029 ,

520 1056 693 1133 adeo
740 1062 825 1131 ut
867 1078 1129 1156 paucae
1179 1079 1456 1155 summa
1514 1056 1829 1133 omnium
1887 1057 2111 1158 gratia
2154 1059 2445 1133 floreant
2489 1064 2562 1131 et
2613 1080 2834 1157 paene
2876 1056 3110 1133 divino
3151 1057 3410 1133 honore
3455 1057 3557 1133 af-

517 1178 873 1265 ficiantur,
922 1176 1097 1252 aliae
1147 1176 1403 1276 exiguo
1451 1176 1599 1253 loco
1643 1178 1820 1267 sint,
1874 1178 2044 1277 quin
2092 1202 2255 1253 cum
2302 1183 2663 1254 contemtu
2715 1177 3013 1276 quodam
3062 1178 3370 1277 ipsarum
3413 1178 3558 1252 cul-

518 1296 788 1372 toribus
826 1296 1327 1395 relinquantur.
1425 1296 1757 1397 Reperias
1798 1299 2049 1391 etiam,
2090 1300 2214 1397 qui
2254 1297 2429 1373 illud
2475 1297 2564 1373 de
2601 1297 2712 1372 his
2755 1298 3186 1397 temporibus
3220 1297 3560 1372 iudicium

520 1417 867 1493 Ecclesiae
930 1416 1327 1492 conditione
1384 1415 1717 1516 probent,
1780 1418 1857 1493 in
1922 1442 2065 1519 qua
2124 1442 2253 1493 nec
2316 1417 2554 1493 ruinas
2611 1418 2860 1492 excelsi
2905 1416 3200 1492 aedificii
3255 1424 3558 1517 praeter-

518 1536 816 1613 mittunt
882 1561 1009 1613 nec
1068 1537 1501 1613 instaurandi
1554 1536 2005 1636 diligentiam.
2120 1536 2313 1616 Quid
2375 1536 2622 1636 plura}>
2688 1535 2879 1611 Illud
2934 1544 3254 1637 quantum
3299 1543 3562 1611 mutata

518 1658 605 1731 ab
668 1658 813 1732 illis
874 1658 1253 1733 sexcenties
1316 1658 1757 1759 pronunciari
1818 1656 2061 1733 audias
2078 1714 2100 1746 ,
2164 1664 2409 1756 estque
2465 1656 2598 1731 hoc
2621 1655 2910 1730 ··nullius
2958 1680 3098 1731 non
3147 1656 3561 1731 conditionis

519 1774 921 1852 hominibus
986 1777 1061 1852 in
1124 1802 1261 1854 ore.
1371 1778 1845 1854 Pronunciant
1890 1784 2128 1854 autem
2170 1802 2253 1853 ea
2313 1774 2522 1853 verba
2571 1799 2698 1851 suo
2745 1776 3042 1876 quisque
3085 1777 3296 1852 modo
3337 1801 3558 1876 eoque

517 1896 719 1971 vultu
737 1952 759 1984 ,
820 1920 908 1971 ex
964 1920 1105 1995 quo
1121 1954 1143 1986 ,
1202 1896 1375 1997 quid
1424 1895 1619 1972 intus
1674 1902 1960 1997 agatur,
2020 1895 2349 1971 continuo
2404 1901 2766 1997 appareat,
2829 1904 2954 1971 aut
3001 1921 3124 1996 spe
3171 1896 3363 1996 pleni
3412 1896 3560 1971 fore

516 2022 599 2089 ut
636 2016 728 2091 ad
768 2039 1047 2091 auream
1086 2023 1385 2093 aetatem
1430 2016 1599 2093 velis
1637 2016 1863 2117 passis
1900 2014 2365 2116 propellamur
2382 2075 2403 2106 ,
2452 2023 2578 2092 aut
2618 2023 3010 2091 metuentes
3046 2040 3136 2091 ne
3177 2016 3268 2092 ab
3311 2016 3560 2093 eadem

512 2136 586 2209 in
652 2134 803 2211 dies
857 2136 1135 2235 longius
1192 2136 1629 2213 abducantur
1676 2136 1913 2213 miseri
1972 2136 2317 2213 mortales.
2420 2136 2697 2216 Quodsi
2738 2138 2872 2213 hac
2923 2138 3160 2215 vultus
3203 2134 3560 2237 animique

519 2254 861 2331 hilaritate
914 2262 988 2331 et
1032 2256 1321 2334 tristitia
1368 2282 1479 2333 res
1520 2256 1833 2333 confecta
1879 2264 2103 2347 esset,
2152 2280 2307 2333 eam
2354 2257 2663 2356 profecto
2699 2256 2776 2333 in
2824 2256 2952 2332 hoc
2994 2256 3560 2357 gravissimorum

513 2374 815 2451 virorum
862 2382 1067 2451 coetu
1104 2398 1255 2457 non,
1292 2398 1805 2452 memorassem.
1906 2376 2049 2451 Sed
2097 2376 2487 2476 complures
2527 2400 2769 2453 eorum
2790 2434 2812 2467 ,
2863 2376 3122 2478 quibus
3163 2376 3560 2476 aequalium

514 2495 699 2571 salus
742 2495 885 2571 vita
932 2519 1060 2571 sua
1103 2496 1321 2571 carior
1358 2504 1467 2573 est
1483 2554 1505 2587 ,
1552 2520 1805 2573 manus
1850 2496 2043 2597 operi
2085 2496 2480 2573 admovent.
2581 2497 2954 2596 Utrimque
2995 2505 3280 2597 paratur
3295 2557 3316 2587 ,
3366 2497 3558 2573 festi-

512 2622 722 2691 natur
736 2674 757 2704 ‚
824 2616 1255 2692 concurritur
1316 2614 1505 2692 vario
1558 2618 1856 2693 telorum
1904 2640 2157 2717 genere
2175 2676 2196 2707 ,
2256 2624 2337 2693 ut
2383 2617 2773 2718 praesentia
2820 2616 3222 2693 melioribus
3261 2618 3553 2693 cedant:

510 2736 601 2810 ab
660 2736 875 2811 altera
936 2744 1131 2836 parte
1178 2762 1263 2812 ea
1305 2736 1611 2813 cernitur
1668 2736 1981 2812 alacritas
1999 2795 2022 2826 ‚
2086 2737 2287 2813 cuius
2336 2736 2710 2812 temeritati
2753 2735 3110 2811 interdum
3170 2742 3402 2811 metus
3449 2744 3559 2811 est

512 2880 603 2930 ne
660 2856 835 2955 quid
895 2856 1164 2933 accidat
1178 2914 1199 2948 ,
1262 2856 1354 2932 ab
1427 2856 1643 2932 altera
1705 2873 1869 2932 vero
1925 2856 2117 2933 nulla
2181 2856 2480 2931 formido
2537 2862 2646 2931 est
2699 2880 3046 2932 armorum
3067 2912 3090 2945 ,
3150 2855 3410 2954 quibus
3469 2881 3558 2932 ex

516 2975 845 3053 diuturna
908 2976 1225 3054 custodia
1282 2976 1505 3052 sancti
1568 2976 1743 3076 quid
1810 2974 2043 3051 inesse
2106 2975 2512 3076 perhibetur
2531 3032 2551 3065 ,
2617 2977 2900 3077 utrique
2965 2976 3131 3051 vitia
3190 2986 3358 3051 sunt
3414 3000 3558 3051 non

510 3102 789 3172 tantum
841 3096 1217 3173 virtutibus
1266 3098 1489 3173 vicina
1506 3155 1528 3187 ,
1597 3096 1721 3171 sed
1768 3096 1981 3172 etiam
2032 3120 2117 3172 ea
2133 3154 2153 3185 ,
2220 3120 2401 3197 quae
2447 3094 2808 3172 civitatum
2856 3096 3064 3171 saluti
3107 3120 3354 3196 parum
3398 3121 3557 3197 pro-

512 3217 671 3293 sint.
772 3218 862 3294 In
928 3216 1059 3293 hoc
1118 3216 1492 3293 certamine
1554 3217 1906 3292 nullarum
1965 3216 2271 3317 partium
2340 3240 2492 3293 esse
2556 3241 2696 3293 non
2763 3218 2944 3292 licet.
3045 3216 3306 3317 Agitur
3349 3242 3558 3294 causa
3697 3228 3700 3231 ’

506 3344 663 3412 tum
723 3346 958 3413 nostra
1027 3344 1183 3413 tum
1228 3360 1470 3413 eorum
1489 3394 1511 3427 ,
1562 3337 1686 3437 qui
1736 3355 1867 3412 nos
1925 3336 2291 3436 excipient.
2404 3339 2593 3414 Nam
2635 3360 2962 3438 praesens
3019 3344 3210 3413 aetas
3257 3338 3556 3436 parturit

507 3456 835 3535 futuram.
936 3458 1188 3559 Itaque
1228 3482 1393 3549 noa,
1443 3459 1531 3535 A.
1557 3459 1645 3535 A.
1665 3517 1686 3548 ,
1716 3482 1760 3533 a
1802 3480 1943 3558 qua
1990 3465 2187 3557 parte
2230 3459 2548 3534 stamus?
2619 3456 2792 3547 Vel,
2843 3457 2904 3532 si
2942 3457 3018 3532 in
3061 3464 3356 3557 utraque
3405 3466 3554 3547 est,

510 3579 699 3677 quod
775 3578 1137 3679 displiceat
1153 3612 1208 3668 ,-
1256 3577 1509 3678 ecquid
1570 3577 1707 3678 ipsi
1767 3577 2211 3678 potissimum
2274 3569 2700 3677 probamus?
2815 3576 3078 3653 Utrum
3145 3580 3554 3664 redeundum

508 3696 709 3772 nobis
774 3696 866 3771 ad
930 3696 1211 3773 meliora
1229 3754 1251 3787 ,
1312 3720 1405 3772 an
1466 3720 1627 3771 vero
1685 3700 2082 3773 tendendum
2146 3718 2299 3771 esse
2362 3696 2455 3771 ad
2515 3698 2798 3774 meliora
2862 3722 3264 3787 censemus;
3315 3707 3552 3775 utrum

507 3818 991 3914 respiciendum
1047 3816 1123 3893 in
1174 3840 1292 3906 ea,
1340 3840 1521 3915 quae
1574 3841 1619 3893 a
1676 3823 1872 3916 tergo
1914 3823 2117 3905 sunt,
2170 3840 2260 3891 an
2310 3840 2508 3907 vero,
2550 3818 2660 3893 his
2714 3818 2948 3893 missis
2965 3876 2986 3906 ‚
3034 3819 3108 3891 in
3161 3842 3242 3895 ea
3271 3824 3548 3919 prospi-

510 3937 807 4009 ciendum
874 3934 1289 4012 arbitramur
1305 3994 1325 4025 ,
1390 3960 1573 4037 quae
1630 3945 1797 4011 sunt
1853 3960 1896 4011 a
1951 3936 2221 4011 fronte?
2316 3937 2513 4011 Num
2569 3945 2866 4013 aetatem
2918 3945 3224 4013 nostram
3269 3938 3550 4039 penitus

511 4055 1009 4153 cognovimus?
1130 4057 1339 4133 Hanc
1406 4056 1885 4156 quaestionem
1954 4056 2016 4131 si
2084 4054 2243 4155 quis
2310 4056 2622 4155 ineptam
2704 4065 2940 4148 vocat,
3011 4057 3338 4157 equidem
3405 4082 3548 4133 non

508 4174 862 4250 assentior.
961 4178 1151 4251 Nam
1186 4177 1376 4276 quod
1414 4176 1667 4253 Pns'ro
1710 4178 1851 4253 iam
1894 4176 2251 4251 contendit
2303 4184 2375 4251 et
2434 4176 2722 4253 historia
2766 4178 3124 4276 probavit,
3171 4204 3260 4254 ex
3305 4180 3546 4255 demo-

508 4296 718 4370 cratia
769 4296 843 4369 in
898 4298 1335 4395 tyrannidem
1384 4322 1660 4398 vergere
1709 4322 1857 4373 rem
1910 4295 2261 4397 publicam
2280 4356 2301 4387 ,
2372 4297 2504 4374 hoc
2553 4298 3109 4399 quotusquisque
3151 4298 3548 4398 suspicatus

506 4423 615 4489 est
674 4416 747 4491 in
802 4415 1093 4491 Francia
1151 4418 1404 4492 iterum
1453 4420 1937 4495 confirmatum
1993 4418 2079 4493 iri
2096 4420 2132 4493 P
2226 4420 2356 4509 Et,
2404 4426 2488 4493 ut
2535 4419 2916 4518 splendidis
2961 4427 3119 4494 utar
3165 4418 3502 4516 exemplis
3519 4477 3542 4509 ,

505 4535 888 4611 Nrnnunar
896 4560 978 4611 us
1025 4562 1167 4612 non
1221 4538 1447 4613 solum
1492 4547 1803 4637 tempora
1848 4538 2059 4639 priori
2101 4563 2333 4613 rerum
2384 4539 2458 4613 in
2502 4538 2792 4613 Francia
2830 4537 3252 4613 conversioni
3293 4537 3546 4613 similia

504 4656 811 4733 reditura
852 4655 1170 4757 negavit,
1222 4656 1346 4731 sed
1390 4657 1598 4733 etiam
1640 4659 1840 4758 plura
1880 4656 2108 4733 secula
2149 4657 2334 4755 exigi
2378 4680 2582 4757 posse
2623 4656 2908 4744 statuit,
2957 4654 3216 4754 quibus
3261 4654 3542 4759 Europa

506 4776 696 4851 nulla
719 4778 1159 4853 conversione
1182 4777 1581 4877 agitaretur.
1680 4775 2025 4852 Haanmo
2070 4784 2305 4851 autem
2348 4784 2540 4852 aetas
2586 4800 2713 4851 sua
2759 4800 2912 4851 eam
2953 4776 3202 4853 referre
3249 4776 3392 4853 visa
3433 4786 3542 4853 est

508 4896 958 4974 humanitatis
1002 4897 1297 4975 formam
1316 4956 1339 4992 ,
1388 4923 1529 4997 qua
1573 4896 1799 4975 maius
1840 4896 2228 4999 quidquam
2268 4896 2391 4975 illa
2430 4884 2763 4999 consequi
2812 4920 2950 4975 non
2986 4904 3252 4999 posset.
3349 4898 3544 4975 Hinc
3651 4977 3662 4988 ,
