4934 6184
1790 692 2347 760 ORATIO.
3452 697 3584 764 249

640 906 852 982 Mitto
917 902 1198 980 consilia
1262 925 1503 978 eorum
1572 903 1699 1003 qui
1762 909 1993 979 totum
2040 902 2153 978 ius
2198 899 2395 978 civile
2442 924 2530 976 ex
2581 899 2844 1000 aliquot
2889 899 3062 976 iuris
3108 903 3339 980 nescio
3375 905 3578 981 cuius

540 1025 871 1102 naturalis
951 1023 1213 1123 regulis
1284 1022 1841 1099 concinnandum
1926 1047 2081 1098 esse
2150 1019 2415 1122 opinati
2487 1026 2674 1096 sunt.
2805 1017 2944 1094 His
2999 1019 3280 1118 quidem
3342 1023 3580 1123 Ampl.

540 1145 890 1222 Senonum
952 1142 1275 1219 accedere
1346 1142 1657 1233 videtur3
1723 1142 2148 1220 moderatius
2213 1165 2373 1216 vero
2440 1135 2572 1216 hac
2645 1163 2924 1239 quoque
2987 1138 3062 1212 in
3125 1162 3200 1212 re
3265 1162 3414 1213 vAN
3485 1165 3584 1216 nn

538 1265 857 1340 Smnem.
920 1261 1129 1337 simul
1186 1269 1261 1336 et
1314 1263 1701 1338 accuratius
1752 1253 2184 1365 propositum
2230 1260 2571 1360 exposuit.
2673 1260 2926 1357 Itaque
2985 1284 3028 1334 a
3071 1257 3267 1332 novis
3311 1259 3584 1359 legibus

538 1409 719 1483 quae
784 1381 1192 1458 immineant
1250 1383 1557 1483 pericula
1622 1406 2005 1484 agnoscens
2072 1407 2215 1456 non
2293 1388 2441 1456 tam
2511 1380 2700 1455 novis
2759 1377 3033 1478 legibus
3095 1403 3308 1478 quam
3359 1385 3582 1474 refor-

540 1503 805 1576 mandis
842 1501 1149 1601 antiquis
1190 1511 1625 1604 praesentem
1668 1511 1929 1578 statum
1978 1501 2496 1577 emendandum
2542 1499 2855 1586 censuit;
2910 1498 3098 1598 leges
3149 1497 3460 1598 vigentes
3509 1501 3582 1576 in

539 1621 892 1697 meliorem
956 1622 1269 1698 ordinem
1335 1622 1785 1723 digerendus,
1844 1621 2072 1698 lucide
2112 1620 2558 1721 exponendas
2581 1677 2604 1710 ,
2641 1618 3178 1695 consuetudines
3230 1628 3464 1696 autem
3515 1629 3586 1697 et

540 1748 803 1818 statuta
869 1743 1175 1818 locorum
1239 1742 1375 1843 ipsi
1438 1742 1661 1818 codici
1674 1801 1694 1834 ,
1766 1749 2107 1843 quantum
2170 1740 2323 1818 fieri
2385 1747 2620 1842 posset
2671 1763 2798 1814 suo
2847 1738 3157 1839 quidque
3209 1740 3358 1816 loco
3405 1741 3584 1824 inse-

538 1863 753 1938 renda
768 1922 789 1952 ,
842 1871 1109 1939 caetera
1159 1865 1395 1940 omnia
1444 1863 1863 1963 abroganda.

635 1983 869 2058 Pauca
905 1991 1075 2068 ‘sunt
1109 1983 1413 2083 profecto
1454 2007 1635 2083 quae
1678 1984 1751 2058 in
1794 1982 1924 2058 hoc
1952 1983 2103 2083 ipso
2131 1981 2387 2058 codicis
2415 1979 2758 2055 condendi
2800 1979 3150 2079 proposito
3196 1979 3270 2054 in
3318 1979 3585 2054 univer-

540 2125 697 2176 sum
738 2127 819 2178 ac
857 2126 981 2202 per
1018 2128 1093 2179 se
1142 2111 1455 2203 spectato
1502 2103 2070 2204 reprehendenda
2122 2103 2528 2188 videantur3
2576 2098 2818 2174 multis
2882 2099 3140 2200 quippe
3189 2101 3590 2177 nominibus

538 2243 700 2293 cum
757 2243 839 2294 eo
898 2220 1216 2294 convenit
1265 2220 1455 2320 quod
1504 2220 1578 2295 in
1642 2220 1999 2297 codicibus
2042 2221 2303 2320 quibus
2351 2221 2618 2295 utimur
2661 2218 3106 2295 conficiendis
3145 2229 3386 2320 postea
3427 2229 3588 2298 ante

537 2339 769 2414 oculos
814 2338 1211 2414 habuerunt
1252 2340 1695 2439 legislatores.
1786 2341 2259 2416 Laudandum
2306 2365 2474 2415 sane
2517 2337 2692 2413 illud
2733 2342 3153 2433 reformandi
3197 2341 3388 2418 haud
3430 2366 3588 2417 vero

538 2462 904 2533 innovandi
931 2459 1317 2534 consilium.
1418 2461 1519 2533 At
1556 2484 1803 2560 parum
1848 2459 1982 2532 sibi
2027 2460 2339 2536 constitit
2382 2467 2624 2534 auctor
2641 2518 2662 2547 ‚
2703 2457 2828 2533 ubi
2880 2460 3108 2558 pergit
3137 2463 3549 2559 exponendo
3568 2522 3588 2550 ,

542 2579 747 2679 quale
777 2585 849 2653 et
882 2604 1022 2677 quo
1050 2580 1259 2654 modo
1290 2605 1377 2654 ex
1416 2605 1595 2654 novo
1624 2580 1741 2654 illo
1783 2579 2019 2678 legum
2046 2579 2352 2655 civilium
2394 2579 2628 2654 codice
2653 2579 2766 2654 ius
2805 2586 3072 2654 certum
3099 2579 3442 2655 oriturum
3473 2581 3582 2656 sit.

540 2699 820 2775 Etenim
870 2724 1091 2776 novus
1152 2701 1266 2775 ille
1314 2701 1531 2776 codex
1552 2760 1573 2790 ‚
1642 2706 1885 2800 utpote
1942 2699 2182 2799 lingua
2252 2699 2476 2799 patria
2539 2700 2970 2800 conscriptus
2988 2758 3009 2789 ,
3064 2699 3252 2774 illius
3301 2699 3582 2778 futurus

542 2828 688 2896 erat
736 2820 1196 2921 simplicitatis
1244 2847 1325 2898 ac
1390 2821 1899 2922 perspicuitatis
1978 2829 2058 2896 ut
2122 2845 2263 2895 non
2310 2827 2588 2896 tantum
2643 2820 3108 2895 Iureconsulti
3167 2820 3292 2896 sed
3343 2845 3584 2898 omnes

542 2940 751 3016 etiam
798 2941 981 3016 cives
1030 2941 1143 3016 ius
1195 2949 1591 3030 noscerent,
1645 2941 1943 3040 ideoque
2005 2965 2143 3015 non
2220 2940 2446 3016 solum
2510 2940 3062 3040 promulgatione
3123 2939 3216 3016 ad
3276 2941 3592 3017 omnium

540 3060 867 3136 ferendus
933 3069 1116 3137 esset
1171 3061 1491 3138 notitiam
1562 3087 1802 3138 verum
1873 3062 2135 3162 optime
2196 3061 2408 3137 etiam
2473 3060 2896 3136 Kalendario
2909 3120 2930 3150 ,
2995 3060 3395 3161 appendicis
3443 3061 3592 3138 loco

542 3179 745 3256 adiici
796 3190 1050 3279 posset.
1171 3183 1493 3283 Denique
1546 3183 1993 3284 Imperatoris
2044 3185 2465 3258 Iusrnmm
2517 3181 2834 3282 exemplo
2879 3204 3120 3257 omnes
3168 3181 3340 3257 iuris
3387 3169 3598 3283 periti

541 3323 717 3373 novo
787 3299 1005 3374 codici
1076 3302 1601 3378 commentarios
1668 3303 2035 3378 adnectere
2108 3303 2385 3379 vetandi
2440 3308 2675 3378 essent
2733 3333 2768 3372 n
2789 3325 2880 3376 ne
2930 3301 3302 3378 verbositas
3350 3327 3590 3381 eorum

548 3447 585 3486 n
605 3418 887 3516 aliquod
938 3419 1157 3496 codici
1206 3423 1479 3498 afferret
1522 3447 1611 3498 ex
1660 3423 2063 3498 confusione
2112 3425 2488 3500 dedecus.'’

636 3539 889 3639 Neque
954 3549 1189 3616 tamen
1250 3544 1375 3618 soli
1444 3545 1842 3619 Smnanmo
1902 3544 2147 3619 solisve
2214 3545 2640 3620 nostratibus
2702 3545 2821 3620 illa
2870 3543 3210 3644 placuisse
3229 3603 3250 3634 ,
3290 3546 3430 3621 imo
3477 3547 3589 3622 vel

540 3683 979 3734 communem
1048 3661 1239 3736 illam
1292 3663 1505 3738 fuisse
1554 3667 1873 3740 codicum
1924 3692 2005 3742 eo
2058 3675 2365 3766 tempore
2416 3676 2867 3767 patronorum
2927 3667 3322 3767 opinionem
3367 3669 3586 3768 negli-
3731 3687 3734 3690 ’

542 3778 855 3876 gendum
914 3803 1055 3854 non
1108 3787 1235 3856 est.
1332 3782 1759 3860 Memorasse
1808 3785 2104 3860 sufficiat
2152 3810 2331 3884 quae
2380 3788 2457 3860 in
2505 3787 2936 3888 praefatione
2977 3788 3328 3887 proposita
3369 3788 3584 3888 speci-

546 3896 720 3972 mini
778 3896 1023 3996 prioris
1083 3900 1383 3999 corporis
1453 3900 1625 3977 iuris
1692 3903 2103 3980 Faunus-101
2150 3905 2483 4005 leguntur
2503 3967 2524 3997 ,
2575 3907 2763 3982 unde
2813 3907 3088 4008 egregie
3129 3917 3414 4009 apparet
3457 3908 3588 3986 hoc

543 4017 887 4116 imprimis
910 4018 1093 4120 regis
1129 4018 1345 4095 fuisse
1392 4021 1759 4098 consilium
1808 4031 1889 4098 ut
1936 4049 2175 4098 omnes
2218 4025 2478 4124 quibus
2525 4027 2602 4101 in
2650 4027 2924 4103 iudiciis
2967 4027 3080 4103 ius
3122 4038 3303 4103 esset
3346 4035 3584 4129 peten-

546 4137 717 4212 dum
734 4197 755 4228 ,
804 4138 941 4238 ipsi
984 4139 1173 4240 leges
1214 4142 1571 4218 consulere
1612 4150 1686 4218 et
1732 4168 1807 4218 se
1852 4141 1991 4242 ipsi
2033 4143 2123 4220 de
2170 4169 2297 4221 sua
2342 4161 2590 4238 causa,
2631 4147 2905 4224 iustane
2943 4157 3122 4224 esset
3161 4175 3251 4226 an
3288 4150 3583 4240 iniusta,

545 4258 865 4333 certiores
908 4259 1195 4335 reddere
1237 4272 1545 4361 possent.
1625 4264 2070 4365 Quapropter
2110 4291 2367 4366 poenas
2406 4293 2674 4344 severas
2717 4269 2873 4343 Rex
2910 4268 2984 4343 in
3027 4293 3146 4344 eos
3185 4270 3588 4346 statuendas

547 4379 817 4454 censuit
868 4379 993 4478 qui
1050 4405 1467 4482 quocunque
1522 4383 1809 4461 tandem
1869 4391 2232 4484 praetextu
2274 4388 2802 4464 commentarios
2859 4389 3153 4464 scribere
3198 4389 3436 4465 ausuri
3479 4414 3586 4464 es·

550 4505 707 4571 sent
772 4521 999 4598 neque
1058 4498 1252 4575 aliud
1312 4499 1746 4580 auditoribus
1793 4504 1907 4578 ius
1951 4505 2219 4580 tradere
2271 4507 2772 4605 professoribus
2823 4507 3095 4584 licitum
3139 4509 3282 4582 fore
3298 4567 3319 4596 ,
3371 4532 3586 4609 quam

550 4617 741 4716 quod
786 4617 1079 4718 simplici
1125 4619 1357 4696 nescio
1403 4647 1547 4720 quo
1590 4623 1847 4698 codicis
1888 4630 2261 4722 systemate
2298 4651 2379 4700 ac
2418 4615 2962 4725 generalioribus
3001 4627 3340 4726 cuiusque
3379 4653 3584 4728 argu·

548 4737 771 4812 menti
821 4736 1175 4838 principiis
1228 4741 1695 4818 contineretur
1702 4775 1721 4831 3
1760 4741 2061 4842 denique
2110 4744 2478 4822 doctorum
2524 4747 2598 4824 in
2649 4747 2924 4824 iudiciis
2971 4747 3264 4848 allegare
3309 4757 3582 4826 senten·-

552 4858 683 4932 tias
732 4857 803 4931 in
853 4863 1209 4957 posterum
1256 4887 1575 4961 expresse
1623 4863 1933 4940 vetitum.
2084 4945 2089 4952 ,
