4934 6184
1317 665 1446 732 216
2091 666 2200 734 W.
2270 663 2705 732 HECKER
2770 658 3597 735 REDEVOERING.

1317 871 1740 962 onderzoek‚
1803 874 1926 948 dat
1981 872 2050 946 U
2094 879 2200 949 tot
2243 871 2447 974 eigen
2504 871 2985 974 overtuiging,
3046 878 3155 950 tot
3202 875 3393 948 veste
3433 863 3858 968 beginselen-
3880 867 4217 969 brengen.
4238 873 4363 948 zel.

1315 993 1428 1070 De
1490 991 1964 1092 gesohiedenis
2023 992 2088 1068 is
2151 1017 2332 1094 geen
2397 993 2991 1072 voorraadsohuur
3046 1017 3181 1069 ven
3249 991 3463 1068 seiten
3532 1012 3621 1066 en
3678 989 3864 1066 niatu
3918 989 4057 1066 dan
4114 989 4325 1067 seiten
4344 1051 4365 1082 ,

1315 1113 1536 1189 elleen
1603 1110 1924 1188 bestemd
1989 1137 2108 1188 om
2177 1115 2232 1188 ’t
2287 1111 2657 1213 geheugen
2720 1121 2795 1190 te
2866 1111 3211 1190 etofferen.
3332 1112 3419 1186 In
3492 1109 3583 1185 de
3644 1109 4363 1210 eeneengeeehakelde

1319 1230 1518 1308 reeks
1585 1229 1710 1307 der
1775 1239 2016 1333 groote
2084 1231 2655 1334 gebeurteniseen
2726 1233 2897 1332 ligt,
2960 1233 3065 1309 ab
3133 1233 3209 1308 in
3276 1253 3407 1308 een
3476 1227 3864 1320 omhuleel,
3930 1253 4060 1306 een
4128 1241 4359 1332 geest,

1321 1375 1448 1428 een
1519 1349 1650 1426 ziel
1713 1351 2092 1454 verborgen
2111 1412 2133 1444 ‚
2197 1353 2272 1428 in
2341 1353 2509 1430 haro
2568 1351 3177 1430 verseheidenheid
3226 1351 3317 1428 de
3382 1347 3677 1428 eenheid
3691 1407 3715 1439 ,
3764 1350 3839 1424 in
3902 1348 4069 1426 hare
4127 1359 4359 1451 tegen-

1324 1470 1825 1572 etrijdigheden
1915 1497 2044 1550 een
2119 1473 2416 1574 hoogere
2498 1481 2634 1550 ποι
2652 1533 2673 1566 ,
2760 1474 2837 1550 in
2910 1471 3075 1551 hare
3149 1470 3731 1573 bijnonderheden
3800 1493 3930 1547 een
4004 1472 4363 1570 otganisch

1321 1589 1586 1690 geheel.
1683 1591 1830 1666 Ζοο
1892 1592 2065 1683 ooit,
2124 1593 2262 1670 dan
2325 1593 2390 1669 is
2449 1593 2528 1670 in
2570 1617 2789 1671 onzen
2836 1593 2970 1696 tijd
3020 1593 3153 1670 het
3192 1615 3373 1670 ware
3422 1592 3671 1692 begrip
3718 1591 3844 1666 der
3886 1591 4360 1692 geschiedenis

1323 1733 1492 1788 eene
1555 1710 1876 1788 behoefte
1940 1713 2306 1814 gewotden
2353 1739 2519 1792 voor
2562 1715 2781 1805 allen3
2834 1714 2983 1792 niet
3024 1715 3268 1792 omdat
3322 1735 3493 1788 onze
3542 1707 4101 1812 tegenwoerdige
4146 1722 4363 1790 meat-

1325 1830 1632 1930 eeheppij
1701 1830 1850 1908 zieh
1916 1833 2022 1908 uit
2083 1831 2205 1908 het
2269 1824 2635 1911 voorleden
2700 1833 2923 1910 aneon
2990 1832 3343 1910 verkleren
3400 1857 3491 1909 en
3541 1831 3905 1932 begrijpen
3954 1833 4097 1909 leet
4110 1892 4132 1924 ‚
4178 1857 4365 1910 maer
4478 1908 4491 1918 ,

1325 1949 1460 2026 ook
1525 1951 1766 2026 omdat
1827 1951 1902 2028 in
1959 1951 2091 2028 elle
2153 1954 2728 2054 wetenneheppen
2788 1952 2877 2030 de
2940 1952 3345 2030 historische
3390 1977 3579 2053 gang
3626 1977 3719 2028 en
3766 1952 4233 2054 behandeling
4280 1955 4363 2029 de

1324 2069 1528 2170 eenig
1593 2068 1986 2146 onmisbere
2049 2095 2138 2146 en
2197 2080 2422 2148 meest
2484 2071 2863 2150 onfeilbere
2922 2071 3285 2148 bevonden
3330 2073 3433 2163 is;
3480 2071 3725 2148 emdat
3768 2073 3854 2148 de
3904 2071 4364 2173 voortgeende

1326 2188 1828 2289 entwikkeling
1899 2214 2032 2266 ven
2097 2191 2444 2268 waarheid
2512 2217 2601 2270 en
2669 2191 2960 2292 vrijheid
2978 2249 3001 2282 ,
3066 2192 3181 2269 die
3244 2193 3337 2272 de
3392 2191 3522 2269 ziel
3570 2193 3633 2268 is
3678 2191 3841 2268 aller
3856 2271 3865 2280 ,
3882 2193 4317 2292 wetensehap
4334 2251 4355 2281 ,

1327 2331 1626 2408 uergens
1669 2307 1820 2384 zieh
1862 2308 2214 2386 zuiverder
2256 2311 2330 2386 in
2379 2312 2747 2412 asspiegelt
2762 2370 2786 2402 ,
2836 2335 3133 2413 uergens
3180 2313 3407 2390 luider
3450 2309 3525 2390 in
3568 2311 3845 2413 spreekt
3884 2311 4023 2388 dan
4068 2312 4239 2412 juist
4278 2312 4353 2387 in

1327 2427 1418 2504 de
1469 2426 1966 2526 geschiedenis.
2067 2429 2286 2530 Zuigt
2323 2455 2402 2508 ze
2451 2433 2612 2531 diep
2658 2431 2775 2523 in,
2823 2433 2987 2508 here
3043 2433 3273 2510 leuze.
3254 2467 3273 2487 -·
3330 2433 3479 2510 veel
3534 2431 3805 2522 deden,
3852 2431 4101 2532 weinig
4147 2457 4355 2508 woor-

1330 2545 1508 2635 den;
1575 2545 1660 2645 zij
1725 2547 1902 2622 leem
1969 2547 2038 2621 U
2099 2549 2388 2651 gotinge
2447 2550 2797 2628 middelen
2856 2560 2965 2628 tot
3022 2559 3262 2654 groote
3306 2552 3789 2630 uitwerkselen
3846 2552 4228 2653 gebruiken
4276 2577 4362 2628 en

1329 2665 1652 2744 boezeme
1700 2666 1770 2740 U
1819 2665 1909 2744 de
1954 2669 2394 2773 overtuiging
2437 2672 2552 2763 in,
2612 2672 2737 2752 dat
2804 2672 2931 2749 het
2975 2672 3065 2750 de
3120 2682 3319 2775 geent
3364 2674 3428 2750 is
3476 2673 3591 2749 die
3638 2673 3727 2749 de
3773 2672 4025 2752 wereld
4068 2682 4364 2773 regem,

1331 2784 1421 2860 de
1462 2795 1660 2887 geest
1705 2787 1902 2866 Gods
1949 2788 2024 2864 in
2079 2789 2242 2868 dien
2295 2817 2428 2872 van
2478 2793 2614 2870 den
2664 2792 2989 2872 mensch!
