4934 6184
1725 690 2279 760 ORATIO.
3440 693 3526 759 49

496 911 645 992 est;
696 904 822 980 sed
861 903 937 980 id
990 901 1307 1002 inprimis
1348 900 1521 976 mihi
1566 901 1717 976 volo
1737 960 1758 989 ‚
1821 925 1985 975 eum
2024 923 2149 998 per
2200 899 2478 974 illarum
2525 897 2794 972 cultum
2836 897 3092 973 artium
3130 899 3524 999 disciplina·

494 1049 789 1123 rumque
856 1025 949 1100 ad
1016 1021 1300 1123 quaevis
1366 1020 1550 1097 bona
1612 1030 1687 1095 et
1742 1021 2032 1096 honesta
2098 1027 2170 1094 et
2236 1019 2561 1094 sublimia
2631 1042 2794 1094 cum
2854 1019 3307 1119 intelligenda
3363 1028 3520 1097 tum

495 1144 884 1244 appetenda
936 1142 1233 1218 institui.
1333 1142 1429 1215 Et
1491 1139 1707 1214 literis
1771 1140 2054 1238 quidem
2074 1198 2095 1227 ,
2160 1145 2243 1213 ιιι
2287 1139 2361 1213 in
2402 1136 2715 1213 confesso
2772 1145 2920 1230 est,
2985 1137 3078 1212 ad
3117 1140 3344 1214 omnis
3386 1141 3524 1216 ele·
3605 1189 3612 1196 -

496 1263 772 1361 gantiae
839 1271 913 1338 et
978 1260 1433 1338 humanitatis
1494 1283 1777 1334 sensum
1846 1259 2185 1334 excolitur
2236 1265 2307 1332 et
2358 1259 2433 1332 in
2492 1257 2906 1357 antiquitate
2963 1259 3166 1357 quasi
3214 1259 3525 1336 habitare

496 1383 851 1459 assuescit.
951 1381 1227 1458 Deinde
1292 1381 1366 1454 in
1428 1379 1827 1478 quorumvis
1883 1378 2448 1477 philosophorum
2505 1378 2755 1453 scholis
2811 1402 2922 1452 res
2965 1387 3038 1454 et
3087 1403 3264 1476 quae
3311 1380 3529 1456 oculis

498 1502 849 1577 subiectae
910 1509 1075 1577 sunt
1123 1509 1195 1576 et
1239 1497 1419 1600 quae
1465 1507 1699 1576 mente
1746 1498 1889 1574 sola
1931 1498 2611 1597 comprehenduntur
2629 1555 2649 1586 ,
2697 1499 3026 1598 indagare
3041 1557 3062 1586 ‚
3111 1499 3529 1589 discernere,

498 1621 877 1704 diiudicare
939 1621 1144 1696 discit
1163 1677 1185 1710 ‚
1249 1621 1349 1695 ita
1406 1626 1489 1694 ut
1542 1618 1637 1694 ad
1698 1642 1938 1693 verum
1983 1616 2227 1692 ubivis
2294 1617 2722 1692 cernendum
2782 1641 2938 1694 acer
2989 1620 3112 1693 fiat
3163 1623 3236 1693 et
3283 1627 3532 1694 acutus

497 1741 753 1816 mentis
826 1739 976 1815 eius
1051 1741 1265 1814 veluti
1330 1738 1592 1814 oculus.
1693 1737 1975 1818 Quibus
2043 1737 2343 1836 denique
2417 1736 2701 1840 dotibus
2765 1738 2826 1813 si
2889 1725 3302 1836 germanum
3351 1737 3529 1814 illud

498 1861 641 1934 veri
688 1860 1001 1935 studium
1020 1917 1040 1948 ,
1090 1859 1280 1957 quod
1322 1859 1799 1955 φιλοσοφίας
1812 1917 1833 1948 ,
1882 1859 2155 1958 proprie
2206 1859 2305 1933 ita
2353 1858 2578 1933 dictae
2593 1915 2614 1946 ,
2663 1881 2916 1932 nomen
2965 1859 3179 1956 gerit,
3223 1859 3302 1934 in
3348 1859 3530 1934 eius·

500 1978 660 2082 dem
709 1978 941 2054 animo
993 1979 1372 2054 excitatum
1426 1979 1820 2068 accesserit,
1872 2003 2051 2078 quae
2096 2002 2238 2052 non
2295 1976 2646 2077 praeclara
2696 1979 2786 2052 de
2838 1977 2962 2052 tali
3017 1984 3300 2077 tamque
3339 2002 3532 2054 exer·

496 2099 707 2174 citato
752 2098 1001 2173 iuvene
1054 2099 1344 2197 eiusque
1398 2100 1473 2174 in
1524 2099 1899 2198 Theologia
1940 2098 2420 2198 progressibus
2468 2099 2796 2196 augurari
2843 2098 3038 2174 licet!
3118 2098 3324 2173 Hanc
3372 2123 3532 2172 vero
3605 2155 3614 2164 .

498 2218 759 2318 regiam
792 2218 886 2293 ad
920 2227 1227 2294 nostram
1264 2218 1701 2319 disciplinam
1742 2218 1917 2292 inire
1963 2219 2145 2294 viam
2164 2275 2185 2308 ,
2234 2217 2361 2318 qui
2390 2217 2671 2292 tandem
2688 2275 2708 2306 ,
2732 2217 3023 2310 ‚obsecro
3065 2241 3184 2294 vos
3199 2275 3220 2308 ‚
3254 2217 3536 2292 futurus

496 2337 750 2436 poterit
818 2335 1211 2438 Theologus
1230 2397 1253 2428 ,
1324 2337 1535 2414 simul
1585 2363 1665 2413 ac
1716 2337 2095 2413 temerariis
2141 2336 2607 2436 quorumdam
2665 2336 3029 2412 conatibus
3079 2337 3158 2411 id
3209 2336 3536 2414 effectum

498 2457 628 2531 erit
650 2510 673 2549 ‚
742 2465 827 2532 ιιι
891 2457 1305 2558 Theologiae
1362 2459 1653 2558 eiusque
1718 2458 2047 2533 studiosis
2102 2480 2273 2532 suus
2316 2457 2390 2532 in
2438 2449 2820 2530 Academia
2860 2457 3052 2532 locus
3101 2457 3538 2557 denegetur?

502 2576 643 2650 Sed
684 2583 768 2649 ut
807 2575 897 2650 ad
944 2575 1131 2652 hunc
1176 2600 1400 2678 usque
1445 2576 1634 2652 diem
1678 2576 1765 2650 iis
1802 2599 1951 2650 non
1994 2575 2417 2674 denegatum
2458 2597 2616 2649 esse
2659 2575 2890 2651 locum
2929 2575 3130 2652 illum
3173 2601 3260 2652 ex
3304 2577 3540 2652 animo

502 2693 888 2795 gaudemus
908 2753 929 2784 ,
999 2695 1101 2772 ita
1168 2703 1239 2770 et
1301 2721 1393 2770 ne
1458 2696 1533 2769 in
1591 2702 1948 2793 posterum
2010 2695 2175 2769 ullo.
2214 2693 2423 2768 modo
2483 2692 2866 2794 denegetur
2884 2753 2905 2784 ,
2977 2697 3154 2771 votis
3213 2704 3540 2796 optamus

504 2813 1005 2888 ardentissimis
1023 2873 1046 2903 ,
1111 2839 1391 2889 omnem
1447 2813 1731 2888 omnino
1796 2812 2283 2886 Academicam
2349 2810 2866 2888 institutionem
2913 2813 3006 2889 ad
3052 2815 3371 2890 futurum
3413 2816 3539 2890 Sa-

505 2907 783 3010 crorum
832 2933 1216 3009 antistitem
1264 2931 1781 3007 informandum
1826 2930 2257 3030 aptissimam
2304 2930 2664 3007 babentes.

600 3053 819 3127 Hisce
884 3051 1025 3127 iam
1080 3077 1207 3151 pro
1260 3052 1585 3128 orationis
1626 3051 1909 3126 consilio
1960 3050 2257 3126 breviter
2308 3050 2682 3150 disputatis
2705 3111 2725 3140 ,
2774 3079 2904 3152 age
2927 3114 2947 3143 ,
2999 3055 3222 3155 ipsam
3245 3113 3266 3144 ,
3317 3054 3544 3154 qualis

504 3173 575 3246 in
623 3167 1001 3245 Academia
1046 3168 1345 3244 traditur
1361 3227 1382 3256 ‚
1447 3166 1861 3266 Theologiae
1905 3167 2288 3242 doctrinam
2335 3168 2435 3243 ita
2485 3173 3036 3273 contemplemur
3057 3233 3078 3262 ‚
3128 3173 3580 3280 Auditoresl·

504 3298 587 3364 ιιι
634 3289 815 3365 hanc
864 3312 1079 3388 quam
1129 3288 1443 3380 maxime
1474 3287 1565 3362 ad
1610 3287 1801 3362 illam
1821 3345 1842 3375 ‚
1892 3311 2104 3385 quam
2152 3286 2449 3363 dicimus
2469 3346 2492 3377 ,
2543 3289 2907 3368 Sacrorum
2951 3294 3280 3370 antistitis
3333 3293 3544 3367 infor-

507 3409 883 3484 mationem
947 3410 1169 3484 valere
1187 3467 1208 3498 ,
1286 3410 1439 3482 luce
1498 3406 1701 3483 nobis
1766 3407 2016 3482 clarius
2079 3410 2439 3506 appareat!
2536 3411 2632 3484 Et
2700 3411 2788 3488 de
2858 3413 3178 3489 universa
3252 3413 3542 3512 quidem

509 3525 883 3626 Theologia
925 3527 1041 3603 hic
1080 3527 1252 3604 mihi
1304 3550 1694 3602 sermonem
1736 3550 1887 3601 esse
1926 3525 2125 3602 facile
2167 3527 2574 3628 intelligitis.
2677 3533 2866 3608 Nam
2910 3558 3336 3633 quamquam
3354 3592 3374 3621 ,
3420 3558 3546 3632 pro

508 3647 949 3746 ingeniorum
994 3647 1391 3723 diversitate
1407 3706 1427 3737 ,
1476 3647 1597 3722 alii
1634 3645 1843 3722 aliam
1880 3645 2031 3720 eius
2072 3652 2340 3744 partem
2390 3647 2524 3722 sibi
2565 3649 2865 3749 eligant,
2918 3675 3130 3748 quam
3165 3651 3240 3726 in
3285 3651 3548 3725 deliciis

382 3777 387 3780 ’
509 3766 813 3842 habeant
881 3772 951 3841 et
1010 3766 1085 3840 in
1150 3792 1289 3865 qua
1364 3767 1690 3844 maiorem
1758 3790 1923 3864 prae
1986 3766 2229 3840 ceteris
2293 3775 2558 3865 ponant
2623 3793 2938 3867 operam,
3003 3771 3112 3844 vel
3161 3770 3257 3844 sic
3315 3780 3550 3844 tamen

513 3909 719 3960 nemo
786 3885 1178 3986 Theologus
1242 3887 1381 3962 dici
1435 3894 1705 3987 potest,
1772 3885 1910 3959 nisi
1970 3886 2281 3985 singulas
2344 3886 2786 3962 laudabiliter
2843 3888 3088 3963 calleat
3151 3887 3548 3987 disciplinas

515 4003 986 4104 Theologicas.
1084 4007 1287 4082 Adeo
1346 4007 1535 4082 enim
1578 4007 1759 4080 inter
1824 4029 1897 4080 se
1944 4005 2309 4080 cohaerent
2370 4013 2442 4080 et
2493 4031 2710 4082 unum
2756 4007 2955 4106 quasi
2999 4031 3246 4108 corpus
3287 4008 3541 4083 consti-

517 4128 731 4196 tuunt
751 4179 772 4209 ‚
822 4130 904 4197 ut
954 4125 1121 4200 haec
1168 4126 1369 4202 illave
1408 4151 1569 4227 pars
1608 4126 1799 4201 haud
1839 4125 1990 4200 sine
2026 4124 2221 4223 gravi
2254 4125 2652 4226 negligatur
2685 4135 3067 4222 ceterarum
3111 4128 3548 4204 detrimento,

519 4242 629 4315 De
671 4238 933 4338 quibus
978 4243 1389 4346 Theologiae
1432 4246 1747 4347 partibus
1788 4244 2142 4320 enucleate
2178 4269 2412 4321 coram
2454 4243 2650 4321 vobis
2695 4247 2920 4324 dicere
2961 4247 3552 4346 supersedendum

522 4359 696 4435 mihi
763 4357 1053 4435 videtur.
1174 4364 1263 4440 In
1313 4367 1565 4466 vulgus
1616 4366 1803 4440 enim
1846 4371 2093 4440 notum
2142 4373 2287 4454 est,
2336 4372 2478 4440 tres
2523 4375 2909 4467 quatuorve
2953 4370 3162 4444 hodie
3216 4369 3556 4467 distingui

522 4488 733 4579 atque
803 4479 880 4554 in
942 4505 1102 4556 suas
1165 4483 1393 4562 denuo
1457 4485 1831 4587 particulas
1891 4483 2133 4562 dividi.
2229 4486 2472 4562 Habet
2529 4513 2694 4564 sane
2715 4547 2737 4579 ‚
2804 4515 2944 4588 quo
2999 4515 3075 4565 se
3122 4489 3558 4563 commendet

528 4598 875 4698 tripartita
946 4601 1655 4681 Sennnmauacnnm
1716 4605 2114 4681 distributio
2135 4663 2157 4696 ‚
2224 4632 2436 4705 quem
2512 4632 2640 4682 suo
2701 4609 2998 4707 quisque
3071 4607 3282 4681 modo
3340 4608 3560 4682 secuti

528 4727 694 4795 sunt
737 4720 1359 4801 Rosnmmmzms
1378 4784 1401 4816 ,
1448 4725 1763 4800 anms
1804 4725 2059 4825 aliique
2094 4727 2526 4804 recentiores.
2597 4727 2748 4802 Nec
2791 4735 3027 4803 tamen
3077 4728 3216 4803 scio
3232 4786 3253 4819 ‚
3298 4752 3387 4804 an
3418 4752 3558 4803 non

526 4839 877 4941 antiquior
946 4843 1447 4945 quadripartita
1462 4904 1484 4939 ,
1558 4845 1817 4948 quippe
1888 4846 2263 4947 simplicior
2318 4855 2393 4924 et
2452 4845 2714 4924 facilior
2768 4854 2842 4923 et
2907 4873 3072 4948 erga
3130 4850 3556 4950 exegeticam
3672 4832 3679 4839 ’
