4934 6184
1752 704 2308 774 onsrlo.
2897 666 2903 672 “
3421 706 3550 775 im

613 918 803 993 Ante
866 922 1099 992 tamen
1162 936 1379 1014 quam
1446 912 1585 989 huc
1650 936 1864 1013 pergo
1880 971 1902 1003 ,
1969 914 2233 1014 duplici
2279 912 2454 989 mihi
2499 936 2676 1013 opus
2727 919 2835 989 est
2879 912 3228 989 cautione:
3281 914 3494 989 alteru
3519 971 3542 1002 ,

518 1059 605 1111 ne
667 1034 826 1134 quis
883 1040 1121 1137 putet,
1182 1058 1297 1109 me
1342 1031 1735 1125 doctrinam
1768 1033 2417 1109 commendaturum
2459 1057 2612 1109 esse
2658 1032 2748 1109 ab
2787 1033 3086 1109 utilitate
3105 1092 3126 1123 ,
3174 1058 3390 1134 quam
3433 1035 3541 1109 in-

519 1156 824 1255 signium
874 1153 950 1230 in
992 1162 1360 1253 utramque
1403 1159 1673 1253 partem
1714 1152 2189 1252 'exemplorum
2234 1152 2540 1253 cognitio
2577 1152 2797 1228 affert.
2859 1154 3308 1253 Quamquam
3355 1152 3542 1229 enim

519 1274 857 1350 efficacem
902 1274 1095 1349 illam
1149 1271 1259 1348 his
1298 1272 1633 1373 exemplis
1680 1296 1829 1349 esse
1874 1273 1968 1349 ad
2011 1272 2326 1349 studium
2375 1272 2652 1359 virtutis
2710 1272 2928 1348 dubio
2979 1280 3167 1349 caret
3187 1331 3208 1361 ,
3255 1273 3546 1372 ipsaque
3607 1256 3614 1263 ⁶

518 1401 679 1493 apte
728 1393 779 1469 i.
824 1416 885 1469 e.
934 1392 1083 1468 loeo
1124 1397 1197 1467 et
1243 1399 1553 1491 tempore
1597 1391 1808 1467 allata
1846 1415 2253 1491 generosam
2292 1391 2599 1470 indolem
2649 1400 2774 1468 aut
2817 1392 3268 1469 saluberrimo
3315 1392 3549 1468 dolore

518 1520 847 1612 pungunt
912 1518 1037 1588 ant
1100 1511 1358 1587 mirum
1428 1510 1503 1585 in
1568 1512 1861 1588 modum
1924 1512 2347 1601 incendunt,
2395 1511 2514 1587 hic
2561 1521 2795 1590 tamen
2849 1513 3082 1591 minus
3143 1514 3552 1589 Mtn‘rmms

520 1641 881 1733 tropaeum
941 1656 1107 1707 curo
1123 1690 1144 1721 ,
1193 1630 1385 1731 quod
1437 1632 2019 1707 Tnmlsroonnn
2072 1631 2369 1707 dormire
2415 1655 2556 1708 non
2609 1632 2807 1722 sivit,
2857 1658 3072 1734 quam
3116 1658 3274 1709 eam
3324 1634 3553 1733 cogito

521 1750 732 1825 huius
794 1750 1143 1827 doetrinae
1205 1750 1595 1827 ubertatem
1616 1810 1637 1841 ,
1708 1776 1849 1852 qua
1865 1810 1886 1841 ,
1952 1752 2281 1852 principis
2336 1752 2756 1852 tragicorum
2821 1754 3243 1829 Graecorum
3293 1754 3514 1831 instar
3531 1813 3551 1842 ,

522 1894 744 1969 quum
802 1878 986 1945 tacet
1051 1869 1143 1945 de
1205 1872 1457 1947 virtute
1476 1929 1498 1961 ,
1568 1871 1845 1951 clamat.
1938 1872 2182 1947 Altera
2250 1872 2481 1947 cautio
2543 1872 2714 1948 haee
2766 1879 2906 1947 est:
2976 1873 3038 1947 si
3086 1873 3247 1973 quis
3295 1873 3553 1974 probat

521 1988 729 2065 huius
777 1989 1095 2065 utilitatis
1134 1990 1472 2066 rationem
1506 2016 1650 2067 non
1702 1989 1940 2067 haberi
1959 2050 1980 2081 ,
2028 1991 2376 2091 improbat
2426 1997 2664 2067 autem
2707 2015 2988 2067 omnem
3031 1992 3357 2068 utilitatis
3398 2016 3552 2094 spe-

521 2109 694 2185 eiem
718 2167 739 2199 ,
812 2109 1072 2209 quippe
1131 2134 1273 2208 qua
1332 2110 1685 2186 doctrinae
1745 2135 1885 2187 non
1938 2096 2219 2210 propter
2274 2134 2353 2185 se
2409 2110 2764 2201 colantur,
2829 2111 3000 2187 sciat
3065 2110 3270 2188 velim
3291 2170 3312 2202 ,
3383 2112 3560 2187 mihi

520 2227 805 2331 quidem
852 2228 1201 2305 doctrinas
1248 2254 1387 2305 non
1430 2230 1837 2306 ancillarum
1880 2230 2029 2305 loeo
2068 2254 2251 2319 esse,
2305 2230 2429 2306 sed
2446 2287 2468 2320 ‚
2518 2232 3114 2329 quemadmodum
3155 2232 3324 2308 olim
3360 2257 3554 2332 prae-

521 2347 683 2423 clari
732 2348 1052 2425 Botanici
1104 2349 1331 2425 verbis
1381 2350 1722 2450 expressi,
1790 2349 2009 2425 videri
2056 2375 2173 2425 eas
2216 2350 2549 2427 honorem
2601 2352 2950 2452 postulare
2992 2353 3198 2454 plane
3248 2352 3556 2453 regium,

522 2473 605 2542 ut
628 2490 703 2541 se
734 2469 926 2565 ipsae
953 2466 1333 2568 praebeant
1368 2470 1643 2569 generis
1677 2470 1971 2546 humani
2012 2468 2389 2547 ministras.
2455 2470 2614 2545 Hos
2651 2472 2967 2571 scopulos
3003 2479 3514 2572 praeterveetus
3535 2530 3554 2560 ,

522 2586 867 2684 reliquum
907 2588 1247 2688 prospicio
1297 2590 1649 2665 Orationis
1698 2613 2017 2678 cursum,
1999 2622 2016 2638 ·
2068 2613 2281 2689 quem
2315 2614 2540 2688 quum
2579 2590 2888 2665 celeriter
2925 2590 3172 2665 confici
3216 2592 3555 2695 cupiatis,

524 2705 904 2780 videndum
952 2712 1100 2795 est,
1168 2732 1259 2783 ne
1304 2708 1597 2808 singulis
1650 2709 1819 2785 locis
1866 2707 2207 2784 adeundis
2254 2708 2662 2783 commorari
2705 2708 2782 2783 in
2828 2708 3320 2785 celebrioribus
3366 2710 3560 2786 haud

527 2826 747 2901 liceat.
845 2825 1097 2923 Itaque
1161 2827 1387 2903 multa
1446 2828 1904 2927 praeteriens,
1972 2826 2209 2902 statim
2272 2826 2439 2902 illuc
2502 2827 2756 2917 tendo,
2814 2852 2982 2969 quo·
3025 2828 3557 2927 prudentissimi

526 2946 655 3019 viri
702 2969 903 3044 saepe
958 2945 1191 3021 oculos
1239 2954 1671 3023 convertunt.

626 3064 951 3166 Intelligo
1018 3066 1440 3166 singularem
1502 3075 1575 3141 et
1631 3090 1853 3168 paene
1920 3068 2237 3143 omnium
2304 3040 2459 3143 hao'
2509 3074 2736 3144 aetate
2807 3092 3254 3145 communem
3322 3094 3552 3145 rerum

524 3185 959 3321 publicarum
1024 3209 1303 3277 euram,
1376 3212 1580 3287 porro
1648 3188 2121 3287 quaestionem
2184 3188 2273 3263 de
2330 3188 2604 3288 generis
2674 3188 2966 3263 humani
3033 3189 3555 3289 progressione,

524 3307 825 3406 denique
891 3304 1073 3381 viam
1141 3314 1215 3381 et
1274 3306 1617 3407 praesidia
1657 3308 1787 3381 rite
1807 3365 1826 3395 ,
1874 3308 1921 3384 i.
1977 3332 2037 3383 e.
2089 3316 2336 3385 natura
2383 3309 2694 3383 humana
2739 3307 2986 3407 digne,
3036 3307 3547 3407 progrediendi.

524 3428 611 3500 In
660 3424 953 3525 singulis
1002 3424 1358 3525 quodnam
1407 3424 1501 3500 sit
1546 3424 2080 3525 Historiologiae
2127 3433 2561 3504 momentum
2579 3485 2601 3517 ,
2649 3426 2952 3503 indicare
2998 3426 3320 3503 conabor.

622 3668 729 3742 Ac
783 3666 1085 3765 primum
1144 3666 1430 3766 quidem
1492 3668 1847 3767 ingentem
1916 3666 2145 3767 cogito
2212 3692 2449 3743 eorum
2515 3692 2888 3745 numerum
2906 3726 2928 3758 ‚
2997 3668 3120 3767 qui
3191 3694 3266 3745 se
3344 3667 3558 3742 rebus

526 3786 822 3885 publicis
870 3786 1281 3863 immiscent.
1378 3787 1554 3862 Prae
1600 3787 1709 3862 his
1726 3845 1747 3877 ‚
1796 3810 2161 3862 causarum
2202 3786 2482 3885 patroni
2521 3788 2806 3863 omnino
2829 3788 3036 3888 pauci
3061 3796 3246 3862 sunt.
3298 3787 3560 3886 Ecquis

530 4050 881 4125 capessere
928 4026 1242 4125 gestiunt
1283 4026 1393 4101 vel
1430 4026 1557 4100 sua
1599 4027 1665 4102 ei
1711 4033 1983 4125 praesto
2030 4050 2181 4101 esse
2226 4025 2618 4125 prudentia.
2717 4026 2880 4101 Non
2924 4024 3222 4102 Athenis
3245 4026 3563 4101 Aa1sro·

534 4145 797 4218 ruanis
844 4154 1065 4221 aetate
1122 4146 1533 4246 flagrantius
1588 4146 1903 4221 studium
1956 4145 2093 4221 fuit
2146 4145 2588 4246 gravissimas
2630 4144 2926 4221 civitatis
2969 4169 3080 4221 res
3122 4144 3559 4244 procurandi.

532 4265 801 4337 Romae
845 4264 1021 4340 illud
1072 4274 1233 4341 ante
1279 4268 1678 4342 Gasoonos
1730 4266 2083 4366 aliquanto
2137 4265 2562 4343 moderatius
2606 4266 2788 4355 fuit,
2828 4264 3028 4342 cuius
3074 4266 3336 4366 quippe
3381 4264 3576 4339 cives.

533 4383 771 4459 minus
824 4381 1081 4458 alacres
1100 4441 1123 4472 ,
1186 4387 1317 4461 etsi
1376 4388 1833 4487 probaverant
1872 4387 2103 4464 clades
2154 4413 2199 4463 a
2247 4386 2578 4462 Tribunis
2625 4386 2732 4462 Pl.
2788 4384 3080 4461 Senatui
3121 4383 3346 4458 illatas
3365 4439 3386 4471 ,
3437 4381 3562 4455 Se·

533 4512 781 4581 natum
821 4510 1058 4578 tamen
1102 4528 1331 4580 rerum
1376 4507 1833 4605 gerendarum
1879 4507 2125 4607 peritia
2164 4507 2411 4582 ceteris
2450 4514 2796 4605 praestare
2829 4502 3254 4581 iudicabant.
3353 4500 3564 4576 Nune

534 4634 773 4702 autem
837 4632 1229 4726 temporum
1290 4626 1513 4701 fervor
1558 4635 1629 4701 et
1686 4626 1973 4726 agitatio
2018 4627 2197 4701 hanc
2253 4626 2395 4699 vim
2448 4623 2700 4711 habet,
2768 4633 2848 4697 ut
2893 4618 3392 4719 religiosissimi
3443 4619 3564 4695 ho·

524 4745 761 4821 mines
822 4768 1033 4821 suum
1092 4768 1242 4843 esse
1298 4751 1550 4846 putent
1600 4744 1861 4821 civitati
1912 4745 2157 4844 quovis
2197 4743 2408 4819 modo
2458 4742 2806 4842 prodesse.
2901 4740 3154 4836 Neque
3207 4738 3441 4813 subito
3489 4746 3562 4815 et

538 4888 737 4941 caeco
788 4865 1061 4967 impetu
1109 4866 1249 4945 huc
1296 4865 1777 4967 abripiuntur3
1839 4864 2123 4968 plurimi
2170 4872 2353 4941 certe
2416 4888 2500 4940 eo
2559 4860 2897 4940 accedunt
2942 4856 3348 5053 pezpensis
3345 4882 3560 4935 novo-

2996 4982 3034 5053 1
