4934 6184
1340 711 1471 777 220
2424 705 2492 772 C.
2563 705 2642 770 M.
2713 703 3302 771 FRANCKEN

1340 937 1587 1016 operae
1648 920 1945 1014 ponatur
1961 970 1983 1005 ‚
2048 935 2177 990 nec
2241 911 2556 1012 linguam
2615 911 2958 989 eiusmodi
2976 970 2999 1002 ,
3065 935 3208 1014 qua
3257 915 3383 988 aut
3419 909 3781 1008 loquentes
3828 913 3954 983 aut
3999 908 4380 985 scribentes

1339 1044 1523 1112 recte
1588 1035 1936 1134 possimus
2002 1033 2129 1110 uti.
2244 1033 2335 1108 In
2397 1031 2659 1132 quibus
2721 1033 2896 1136 quid
2953 1031 3096 1108 veri
3157 1030 3327 1108 insit
3373 1028 3804 1106 considerare
3859 1052 4000 1104 non
4059 1029 4236 1104 mihi
4287 1032 4378 1106 ab

1340 1156 1469 1232 hoc
1518 1163 1827 1254 tempore
1868 1153 2143 1229 videtur
2181 1151 2489 1229 alienum
2508 1211 2529 1244 ,
2579 1177 2720 1252 quo
2767 1177 3026 1229 munus
3071 1151 3247 1227 mihi
3293 1150 3386 1226 ab
3439 1149 3964 1250 Angustissimo
4012 1149 4208 1248 Rege
4259 1151 4377 1225 de·

1338 1275 1747 1352 mandatum
1782 1273 2265 1374 auspicaturus
2298 1297 2459 1349 sum
2479 1331 2502 1364 ,
2551 1273 2740 1373 quod
2779 1297 2944 1350 cum
2977 1272 3362 1348 litterarum
3385 1269 3792 1346 Iatinarum
3815 1270 4050 1346 studio
4071 1271 4382 1368 proxime

1336 1394 1673 1472 cohaeret.
1780 1395 2027 1470 Dicam
2071 1392 2291 1492 igitur
2338 1395 2425 1469 de
2462 1395 2738 1494 linquae
2773 1393 3298 1494 litterarumque
3341 1389 3750 1466 Latinarum
3789 1392 4014 1464 studio
4063 1391 4180 1464 boc
4215 1399 4376 1465 tem·

1322 1541 1501 1614 pore
1564 1539 1695 1590 non
1748 1516 2161 1614 neylthendO.
2276 1513 2365 1588 In
2430 1535 2516 1588 eo
2577 1518 2987 1612 argumento
3031 1507 3516 1611 pertractando
3563 1506 3664 1582 ita
3715 1507 3968 1582 versari
4007 1507 4382 1597 constitui,

1338 1643 1421 1708 ut
1476 1635 1565 1710 de
1618 1656 1933 1709 sermone
1986 1631 2574 1732 scriptoribusque
2641 1630 2912 1707 Ietinis
2971 1628 3374 1731 singulatim
3441 1651 3804 1727 exponam.
3905 1627 4000 1702 Et
4051 1629 4380 1726 quoniam

1338 1779 1565 1854 neque
1602 1777 1813 1853 quem
1854 1754 2083 1830 locum
2120 1752 2349 1828 adhuc
2382 1751 2459 1826 in
2503 1750 2855 1828 doctrinae
2891 1749 3144 1826 studiis
3180 1747 3488 1826 tenuerit
3517 1771 3744 1824 sermo
3767 1745 4063 1822 Iatinus
4083 1807 4104 1836 ,
4154 1772 4384 1846 neque

1338 1899 1547 1974 quem
1604 1875 1677 1950 in
1728 1882 2085 1974 posterum
2142 1873 2277 1948 sibi
2328 1871 2678 1948 vindicare
2724 1871 2943 1972 possit
2980 1869 3278 1970 intelligi
3323 1874 3557 1968 potest
3607 1867 3757 1944 sine
3803 1867 4156 1968 praeteriti
4207 1877 4382 1942 tem-

1336 1994 1522 2094 poris
1574 1993 2225 2072 commemoratione
2244 2051 2265 2082 ,
2328 1992 2542 2092 paulo
2589 1991 2798 2066 altius
2857 1989 3274 2066 edocendam
3299 2046 3321 2078 ,
3379 1996 3462 2063 ut
3521 1987 3920 2064 etiamnunc
3967 1988 4202 2064 Latini
4245 2014 4382 2064 ser-

1336 2115 1564 2190 monis
1617 2113 1939 2189 notitiam
1979 2111 2271 2186 eruditis
2314 2112 2936 2188 commendandam
2976 2133 3128 2186 esse
3169 2131 3516 2208 exponam
3537 2167 3558 2197 ‚
3607 2108 3964 2206 exquiram
4011 2109 4340 2208 deinceps
4359 2169 4382 2198 ‚

1286 2265 1295 2279 ·
1341 2233 1515 2332 quid
1564 2233 1653 2308 de
1703 2231 2035 2307 hodierno
2083 2231 2235 2306 eius
2284 2253 2423 2306 usu
2466 2230 2918 2307 iudicandum
2973 2231 3082 2308 sit.

1436 2349 1567 2426 Est
1614 2352 1781 2426 haec
1827 2352 1917 2426 de
1964 2351 2217 2426 studiis
2260 2351 2644 2425 litterarum
2664 2409 2686 2441 ,
2735 2375 2914 2451 quae
2955 2351 3046 2427 ab
3089 2349 3525 2427 humanitate
3571 2372 3824 2426 nomen
3877 2347 4130 2423 habent
4149 2405 4168 2434 ‚
4217 2373 4374 2448 per-

1340 2473 1623 2574 vulgata
1690 2472 2033 2548 sententia
2050 2530 2071 2562 ,
2133 2470 2325 2569 quod
2384 2494 2604 2569 quum
2673 2469 2976 2570 reliquae
3035 2470 3438 2570 disciplinae
3494 2471 3586 2546 ad
3645 2493 3902 2570 paucos
3967 2468 4107 2543 fere
4171 2469 4384 2567 perti-

1339 2601 1551 2668 neant
1570 2651 1591 2682 ‚
1657 2590 1827 2667 haec
1900 2599 2139 2668 contra
2206 2589 2480 2664 nullum
2541 2613 2682 2664 non
2745 2614 2971 2690 genus
3031 2590 3382 2666 doctrinae
3443 2588 3680 2687 aliqua
3733 2597 3918 2664 certe
3975 2587 4384 2688 cognatione

1340 2715 1708 2814 attingant.
1812 2712 1903 2786 Id
1946 2733 2165 2810 quum
2218 2709 2307 2785 de
2350 2709 2634 2786 Graecis
2681 2709 2943 2800 valeat,
2991 2719 3146 2786 tum
3191 2711 3416 2786 multo
3463 2709 3688 2810 magis
3735 2709 3824 2785 de
3865 2707 4138 2784 Ietinis
4157 2769 4178 2798 ,
4211 2733 4386 2808 quae

1340 2859 1503 2910 cum
1556 2833 1719 2910 fatis
1762 2841 1835 2908 et
1878 2829 2163 2906 historia
2204 2829 2518 2906 culturae
2563 2830 2922 2930 Europeae
2959 2837 3108 2907 tam
3143 2837 3332 2907 arcte
3369 2829 3737 2906 cohaerent
3754 2889 3774 2920 ,
3825 2837 3908 2904 ut
3949 2828 4120 2906 haec
4156 2828 4388 2904 Latini

1342 2953 1681 3032 sermonis
1726 2951 1977 3029 notitia
2030 2975 2171 3026 non
2224 2949 2570 3050 patefacta
2615 2951 2914 3052 intelligi
2965 2958 3336 3052 nequeant.
3433 2951 3590 3026 Iam
3626 2957 3790 3026 ante
3823 2957 4098 3026 renatas
4127 2949 4388 3024 litteras

1340 3075 1695 3152 Bononiae
1752 3081 1824 3148 et
1884 3071 2205 3147 Lutetiae
2252 3077 2325 3144 et
2368 3069 2637 3146 Salerni
2677 3069 3019 3148 florebant
3067 3070 3340 3146 scholae
3389 3070 3526 3145 iuri
3543 3129 3564 3158 ‚
3593 3069 4002 3172 -theologiae
4021 3129 4041 3160 ,
4091 3071 4386 3172 philoso-

1339 3197 1545 3296 phiae
1561 3255 1583 3287 ,
1618 3194 1751 3272 arti
1784 3192 2093 3270 medicae
2120 3190 2514 3267 excolendis
2545 3189 2930 3268 destinatae
2947 3251 2968 3280 ‚
3001 3203 3180 3292 qua'e
3221 3215 3446 3290 quum
3491 3191 3838 3267 universos
3881 3191 4263 3292 reciperent
4285 3193 4344 3283 ι)
4366 3249 4387 3277 ,

1342 3325 1611 3392 exteros
1674 3314 1883 3390 simul
1945 3319 2019 3386 et
2080 3311 2263 3388 cives
2286 3369 2307 3400 ‚
2376 3310 2692 3411 magistri
2750 3312 2825 3386 in
2885 3310 3298 3388 lectionibus
3351 3311 3606 3388 Latina
3673 3311 3916 3412 lingua
3971 3311 4385 3399 utebantur,

1342 3459 1521 3534 quae
1590 3435 1680 3510 ab
1750 3431 2037 3508 ecclesia
2104 3431 2195 3506 ad
2261 3430 2337 3504 id
2392 3439 2674 3531 tempus
2735 3438 3006 3507 servata
3065 3440 3137 3507 et
3199 3439 3579 3532 propagata
3625 3439 3857 3532 posset
3909 3429 4000 3505 ab
4053 3429 4384 3504 omnibus

1342 3553 1639 3652 intelligi
1656 3610 1678 3642 ‚
1746 3558 1823 3626 et
1883 3548 2111 3625 omnis
2178 3549 2588 3626 eruditionis
2657 3549 2928 3650 copiam
2989 3559 3062 3628 et
3117 3551 3664 3628 instrumentum
3723 3549 4012 3628 offerret.
4127 3550 4378 3628 Quum

1341 3681 1579 3752 autem
1646 3673 1861 3749 altius
1930 3670 2187 3770 spirare
2252 3669 2570 3746 homines
2616 3669 3081 3770 incepissent,
3147 3679 3222 3746 et
3267 3671 3647 3749 constituta
3697 3671 3976 3748 libertas
4023 3669 4384 3746 civitatum

1340 3795 1743 3870 Italicarum
1798 3815 1979 3867 novo
2034 3790 2275 3866 ardore
2334 3791 2590 3866 artium
2655 3791 3120 3868 liberaliorum
3165 3815 3408 3868 omnes
3455 3792 3849 3883 incitasset,
3911 3793 4390 3868 Romanorum

1343 3915 1591 4015 optimi
1650 3912 2015 4012 scriptores
2072 3934 2113 3986 e
2163 3909 2742 3988 bibliothecarum
2789 3911 3074 4012 pulvere
3130 3913 3458 4014 protracti
3501 3913 3918 4013 exemplaria
3959 3909 4388 4019 praebebant

1344 4033 1569 4132 poetis
1587 4089 1608 4121 ,
1672 4029 1763 4105 ad
1830 4053 2011 4127 quae
2058 4052 2191 4104 sua
2243 4029 2550 4106 carmina
2593 4031 3034 4132 effingerent,
3083 4038 3156 4106 et
3201 4042 3512 4109 veterum
3557 4032 3838 4108 subtilis
3889 4039 4216 4108 venustas
4262 4055 4384 4129 pe-

1344 4151 1527 4254 pulit
1584 4149 2145 4224 scholasticorum
2204 4149 2520 4247 spinosas
2577 4150 2876 4250 ineptias
2931 4159 3010 4227 et
3033 4149 3636 4230 ..halucinationes
3734 4151 3876 4228 Sed
3937 4151 4110 4227 dum
4163 4149 4388 4226 multa

1344 4272 1605 4348 abolita
1666 4277 1833 4344 sunt
1894 4275 1967 4342 et
2020 4267 2409 4366 improbata
2428 4327 2449 4359 ,
2515 4295 2696 4369 quae
2753 4271 3222 4371 superioribus
3281 4274 3576 4350 saeculis
3641 4273 4079 4374 placuerant,
4147 4279 4382 4346 tamen

1344 4391 1463 4468 illa
1480 4449 1503 4482 ‚
1566 4413 1749 4490 quae
1792 4412 1948 4464 vere
1994 4387 2269 4462 fuerant
2310 4388 2403 4463 ab
2444 4390 2752 4490 antiquis
2793 4392 3097 4492 profecta
3118 4453 3139 4484 ,
3187 4402 3592 4474 manserunt
3639 4401 3714 4469 et
3759 4417 3960 4468 suam
4001 4396 4382 4467 tenuerunt

1344 4511 1841 4612 dignationem.
1940 4509 2013 4583 N
2012 4531 2103 4583 on
2146 4507 2267 4584 illa
2302 4515 2494 4588 aetas
2529 4511 2764 4588 reiecit
2800 4515 3328 4590 Amas-ornam(
3345 4573 3367 4604 ‚
3417 4513 3610 4617 quod
3649 4512 3802 4590 eius
3841 4512 4116 4613 scriptis
4147 4509 4382 4588 studia

1378 4799 1479 4953 (³¹)
1516 4799 1604 4861 De
1640 4795 1885 4972 pomipis
1916 4797 2203 4860 notatione
2241 4801 2313 4863 cf.
2336 4817 2394 4863 v.
2417 4803 2722 4876 Sauum,
2768 4803 2960 4864 Geech.
3000 4799 3094 4863 des
3127 4801 3281 4862 Rom.
3317 4799 3524 4863 Rechts
3557 4799 3630 4861 in
3665 4795 4045 4870 Mittelauer,
4087 4793 4214 4856 Vol.
4239 4791 4374 4866 111,

1346 4915 1377 4954 e
1420 4937 1435 4954 .
1478 4898 1633 4970 sn(
1680 4899 1795 4957 834
1841 4937 1857 4966 ,
1900 4913 1953 4974 p.
1996 4897 2115 4956 412
2155 4915 2239 4976 sq.
