4934 6184
1277 681 1408 746 110
1809 655 1816 662 ’
2449 675 2501 742 1.
2576 695 2745 742 nu
2816 672 3141 738 nALr„

1265 911 1456 964 nunc
1493 885 1772 963 futurus
1813 882 2083 958 videris.
2153 883 2405 982 Itaque
2443 905 2735 958 aureum
2778 881 2967 958 hunc
3008 899 3381 954 nummum
3400 933 3421 965 ,
3458 875 3707 976 optimi
3746 873 3963 978 Regis
3996 874 4315 964 nomine,

1265 1008 1398 1084 tibi
1467 1004 1792 1107 equidem
1858 1003 2056 1078 trado
2074 1061 2097 1092 ‚
2169 1010 2251 1078 ιιι
2311 1003 2700 1102 praemium
2758 999 3198 1102 obligationis
3256 995 3673 1098 adimpletae
3692 1053 3714 1084 ,
3774 1003 3859 1070 tu
3920 1019 4079 1070 vero
4133 993 4317 1071 illud

1269 1127 1562 1229 accipias
1582 1186 1603 1216 ‚
1635 1132 1719 1200 ut
1757 1124 2032 1200 arrham
2068 1121 2513 1222 obligationis
2544 1147 2763 1200 novae
2790 1147 2957 1222 erga
2976 1121 3207 1196 literas
3224 1176 3245 1207 ,
3286 1141 3453 1218 erga
3490 1117 3785 1218 patriam
3798 1173 3819 1208 ,
3852 1139 4019 1216 erga
4044 1115 4317 1216 Regem

1269 1249 1504 1351 ipsum
1555 1245 1986 1322 contractae!

1362 1487 1510 1562 Vos
1551 1509 1832 1586 quoque
1873 1483 2176 1562 aceedite
2195 1541 2215 1572 ,
2265 1485 2452 1558 Ima
2500 1483 2777 1558 Iacosn
2828 1482 3308 1556 Senumrnsn
3360 1487 3432 1554 et
3478 1477 3895 1554 Burmann
3943 1479 4318 1554 Doanom·

1267 1607 1522 1685 Mans!
1591 1606 1753 1680 Non
1781 1605 1883 1710 ita
1916 1604 2234 1681 felicibus
2275 1627 2428 1678 esse
2459 1601 2655 1678 vobis
2684 1602 2977 1702 contigit
3018 1608 3101 1678 ut
3126 1623 3419 1676 aureum
3446 1623 3489 1674 e
3514 1599 3887 1674 certamine
3924 1599 4313 1698 praemium

1263 1724 1722 1827 reportaretis.
1823 1724 1965 1800 Sed
2009 1731 2118 1798 est
2161 1722 2428 1823 aliquid
2476 1723 2553 1797 in
2605 1724 2878 1823 magnis
2928 1721 3249 1797 voluisse.
3348 1719 3701 1796 'Pentastis
3753 1719 3947 1819 quod
3990 1718 4111 1795 alii
4168 1718 4319 1794 ausi

1265 1870 1410 1924 non
1469 1853 1637 1922 sunt
1694 1869 1824 1920 nec
1887 1842 2244 1920 disceditis
2305 1867 2394 1918 ex
2449 1842 2581 1918 hoc
2624 1841 2998 1918 certamine
3018 1900 3038 1930 ‚
3107 1839 3246 1915 nisi
3306 1839 3407 1915 ita
3452 1839 3752 1928 laudati,
3803 1845 3887 1914 ut
3938 1840 4319 1937 Groninya-

1262 1993 1420 2045 m
1483 1974 1558 2042 et
1625 1967 2084 2042 staiectinam
2143 1963 2403 2038 famam
2467 1963 2747 2062 egregie
2808 1962 2973 2036 tuiti
3044 1985 3201 2036 esse
3262 1959 3655 2034 videamini.
3782 1958 4097 2058 Accipite
4154 1958 4327 2033 haee

1265 2092 1654 2190 reportatae
1712 2084 1940 2161 laudis
2005 2083 2404 2158 testimonia
2458 2092 2531 2157 et
2592 2082 2797 2186 facite
2842 2091 2925 2156 ut
2971 2081 3083 2156 his
3102 2139 3121 2171 ,
3176 2079 3283 2155 vel
3333 2079 3711 2156 maioribus
3775 2079 3985 2156 etiam
4003 2139 4023 2169 ,
4074 2079 4327 2179 dignos

1269 2231 1390 2283 vos
1433 2229 1706 2304 semper
1749 2203 2116 2303 praestetis
2156 2202 2230 2277 in
2284 2209 2593 2279 vestrum
2640 2211 2713 2279 et
2752 2203 2827 2277 in
2875 2202 3139 2301 patriae
3180 2200 3759 2276 emolumentum.

1365 2446 1700 2545 Superest
1739 2451 1822 2518 ut
1869 2443 1960 2518 de
2007 2443 2408 2541 quaestione
2463 2443 2947 2544 Philosophica
2994 2443 3245 2520 dicam.

1363 2565 1559 2640 Ordo
1617 2561 2099 2662 Philosophiae
2157 2563 2613 2639 Theoreticae
2673 2572 2747 2638 et
2796 2564 3224 2640 Litterarum
3276 2561 3797 2638 Humaniorum
3858 2562 4038 2638 hanc
4104 2585 4317 2662 quae-

1269 2685 1563 2761 stionem
1607 2681 1956 2758 studiosae
2003 2683 2351 2758 iuventuti
2399 2683 2803 2784 proposuit:

1375 2835 1412 2878 n
1434 2805 1872 2904 Exponatur,
1944 2801 2118 2902 quid
2193 2800 2288 2878 ad
2357 2802 2881 2879 diiudicandam
2944 2801 3460 2880 celeberrimam
3530 2802 3622 2877 de
3684 2802 3901 2878 animi
3956 2801 4323 2878 existentia

1275 2958 1312 2998 n
1337 2926 1814 3026 quaestionem
1861 2923 1990 2999 hac
2040 2929 2276 2999 nostra
2317 2931 2545 3000 aetate
2572 2924 3125 3024 Anthropologia
3165 2924 3549 3000 attulerit.’'

1365 3047 1598 3123 Unam
1661 3043 1924 3144 accepit
1981 3043 2637 3118 commentationem
2658 3099 2681 3132 ‚
2756 3050 3001 3142 poetae
3062 3041 3281 3118 nostri
3330 3043 3697 3118 Humanas
3756 3041 3981 3118 verbis
4032 3041 4323 3142 insigni-

1266 3175 1455 3242 tam:
1515 3194 1550 3236 n
1568 3165 1718 3239 Het'
1761 3187 1990 3263 pogen
2047 3163 2214 3238 zelfs
2265 3163 2328 3238 is
2383 3145 2711 3262 grootseh
2762 3162 2837 3237 in
2894 3163 2949 3236 't
2999 3163 3443 3262 worstelperk
3484 3163 3609 3238 der
3652 3163 3839 3238 eer.’'

1368 3283 1828 3360 Neerlandieo
1895 3307 2212 3358 sermone
2280 3282 2511 3358 lucide
2578 3289 2651 3358 et
2718 3279 3070 3382 eleganter
3131 3282 3513 3382 composita
3556 3279 3878 3383 pluribus
3924 3281 4331 3359 nominibus

1272 3406 1444 3482 haec
1489 3404 1766 3504 scriptio
1809 3403 2060 3479 Ordini
2105 3427 2182 3479 se
2236 3402 2770 3478 commendavit.
2868 3403 3309 3505 Argumenta
3340 3411 3491 3479 tam
3538 3426 3781 3478 eorum
3835 3403 3961 3503 qui
4012 3402 4326 3478 animum

1275 3549 1430 3600 esse
1497 3531 1796 3623 negant,
1865 3547 2080 3624 quam
2137 3547 2386 3599 eorum
2443 3523 2569 3623 qui
2630 3523 2944 3598 animum
3006 3549 3051 3600 a
3098 3547 3375 3624 corpore
3424 3523 3839 3623 seiungunt,
3888 3523 4069 3602 clare
4116 3547 4327 3622 expo-

1275 3653 1544 3720 nuntur
1605 3655 1678 3718 et
1731 3669 1822 3718 ex
1875 3667 2100 3742 aequo
2145 3643 2543 3721 iudicantur
2564 3701 2586 3733 ‚
2636 3667 2871 3718 rerum
2924 3644 3151 3743 magis
3195 3667 3409 3743 quam
3458 3650 3853 3743 temporum
3892 3644 4157 3720 ratione
4202 3643 4327 3718 ha-

1276 3763 1424 3840 bita
1443 3822 1463 3853 ,
1536 3763 1636 3838 ita
1703 3770 1788 3838 ut
1855 3787 1996 3838 non
2072 3763 2507 3864 singulorum
2576 3763 2989 3864 scriptorum
3046 3763 3405 3864 opiniones
3468 3771 3963 3841 enumerentur
3977 3824 3999 3855 ,
4064 3763 4189 3840 sed
4234 3762 4329 3838 ad

1278 3884 1548 3959 diversa
1609 3881 2032 3983 probationis
2106 3907 2366 3985 genera
2427 3884 2848 3961 attendatur.
2984 3881 3183 3962 Haec
3242 3884 3603 3984 dispositio
3620 3943 3640 3974 ,
3705 3884 4103 3984 ceteroquin
4178 3883 4327 3959 lau-
4398 3891 4407 3898 ’

1281 4002 1512 4076 danda
1530 4059 1550 4090 ,
1620 4027 1828 4078 eausa
1895 4002 2112 4080 fuisse
2184 4004 2458 4082 videtur
2477 4062 2497 4093 ,
2572 4029 2787 4104 quare
2861 4005 3150 4104 scriptor
3167 4064 3188 4094 ,
3256 4008 3765 4080 Germanorum
3820 4003 4331 4111 disputationes

1279 4117 1646 4218 praecipue
1685 4120 2032 4218 explicans
2055 4177 2080 4208 ,
2117 4121 2563 4222 philosophos
2599 4129 2677 4197 et
2716 4121 3159 4222 physiologos
3204 4124 3277 4198 in
3322 4125 3614 4202 Francia
3628 4185 3648 4215 ,
3694 4125 3957 4225 Anglia
3994 4132 4069 4200 et
4102 4123 4335 4200 Sectis

1283 4239 1705 4318 omittendos
1749 4240 2045 4317 duxerit.
2147 4243 2235 4317 In
2286 4241 2742 4318 describenda
2790 4239 3217 4344 litigantium
3266 4269 3473 4322 eausa
3520 4246 3669 4322 veri
3718 4245 3951 4322 studio
3968 4304 3990 4335 ,
4040 4269 4085 4320 a
4134 4267 4334 4344 prae-

1285 4359 1536 4436 sumtis
1604 4359 2048 4460 opinionibus
2121 4361 2375 4452 libero,
2447 4360 2703 4437 duetus
2776 4373 2916 4453 est,
2992 4372 3065 4439 et
3132 4365 3449 4441 omnium
3498 4365 3671 4442 'fere
3726 4371 4332 4466 argumentorum,

1287 4504 1465 4578 qnae
1507 4479 1687 4554 ultro
1733 4480 2044 4580 citroque
2088 4481 2505 4571 afferuntur,
2554 4505 2792 4561 curam
2832 4483 3078 4561 habuit
3091 4543 3113 4575 ,
3148 4486 3309 4562 licet
3352 4511 3595 4563 eorum
3642 4485 3977 4564 nonnulla
4025 4485 4335 4585 tetigerit

1283 4593 1518 4698 potius
1585 4625 1796 4698 quam
1857 4599 1948 4676 ab
1991 4601 2184 4676 omni
2229 4609 2430 4701 parte
2465 4602 3017 4682 consideraverit.
3119 4606 3206 4680 In
3276 4606 3740 4684 diiudicandis
3806 4604 4341 4708 probationibus

1285 4719 1423 4793 acri
1477 4717 1736 4795 iudicio
1787 4745 1956 4796 usus
2018 4729 2162 4811 est3
2217 4723 2460 4800 maiori
2514 4732 2753 4801 autem
2802 4724 3010 4802 laude
3062 4727 3321 4828 dignus
3384 4727 3676 4818 fuisset,
3744 4727 3803 4804 si
3852 4727 4195 4829 copiosius
4240 4726 4341 4801 de

1287 4837 1686 4937 quaestione
1738 4840 2023 4917 dixisset
2029 4873 2056 4932 3
2117 4867 2196 4920 ac
2214 4900 2237 4935 ,
2295 4843 2470 4943 quid
2510 4869 2798 4946 corpus,
2858 4846 3034 4946 quid
3080 4847 3395 4928 animum
3456 4850 3849 4953 intelligant
3898 4847 4295 4952 philosophi
4310 4906 4341 4938 ,
