4934 6184
1373 687 1503 756 1⁷6
2416 685 2467 752 1.
2531 683 2950 753 mssmn
3009 641 3378 752 jansen

1372 891 1575 996 sophi
1611 891 1797 968 illius
1843 888 2113 968 scholae
2146 889 2435 990 perinde
2481 899 2695 994 atque
2737 893 3054 970 eiusdem
3099 893 3402 970 asseclae
3459 891 3774 970 fecerunt
3794 950 3816 982 ‚
3889 892 4015 993 qui
4062 893 4232 970 olim
4279 894 4440 972 fue·

1369 1022 1537 1091 runt
1553 1071 1575 1104 ‚
1646 1011 1975 1088 desinunt
2040 1011 2271 1112 palam
2344 1014 2738 1113 praedicare
2801 1039 3054 1090 novam
3123 1039 3326 1090 suam
3397 1011 3784 1090 doctrinam
3851 1013 4106 1089 referre
4185 1015 4444 1090 mundi

1369 1133 1705 1211 theoriam
1722 1191 1745 1224 ‚
1808 1155 2025 1232 quam
2082 1133 2431 1233 euangelii
2487 1133 2708 1210 instar
2754 1134 3163 1211 hominibus
3209 1132 3636 1224 obtrudunt,
3685 1141 3770 1208 ut
3815 1132 3906 1210 ab
3958 1134 4153 1210 omni
4196 1156 4439 1234 super-

1372 1255 1652 1332 stitione
1693 1254 2119 1342 liberentur,
2168 1261 2253 1328 ut
2296 1254 2389 1330 ad
2436 1277 2689 1331 novam
2739 1255 2952 1332 vitam
2999 1255 3508 1356 perducantur,
3559 1295 3660 1312 -
3709 1259 3790 1328 ut
3833 1252 4194 1330 beatorum
4239 1253 4438 1330 chori

1368 1375 1587 1452 vitam
1661 1375 1735 1450 in
1802 1374 1934 1451 hoe
2000 1381 2341 1450 terrarum
2408 1373 2578 1449 orbe
2647 1373 2928 1476 degant,
2976 1417 3076 1434 -
3127 1375 3270 1450 Sed
3329 1373 3458 1475 qui
3525 1373 3678 1448 fieri
3738 1373 4027 1473 poterit,
4087 1383 4164 1448 ut
4217 1373 4430 1450 homo

1370 1519 1527 1571 eam
1578 1494 1961 1571 doctrinam
2008 1493 2353 1594 intelligat
2370 1552 2391 1584 ,
2468 1493 2792 1570 aestimet
2809 1553 2830 1586 ,
2901 1496 2968 1571 ei
3013 1494 3486 1595 obsequatur?
3595 1493 3850 1569 Nonne
3906 1492 3980 1570 in
4047 1519 4131 1569 eo
4154 1552 4175 1583 ,
4239 1493 4430 1592 quod

1378 1615 1773 1718 philosophi
1852 1615 2071 1692 nostri
2152 1614 2243 1690 ab
2334 1614 2638 1691 hominis
2711 1615 3068 1692 voluntate
3131 1613 3490 1716 flagitant,
3575 1611 3714 1712 ipsi
3798 1612 4138 1688 indicium
4235 1613 4430 1689 nobis

1374 1734 1747 1835 praebent,
1814 1757 1889 1808 se
1950 1757 2235 1808 suorum
2290 1731 2706 1832 placitorum
2759 1757 2912 1810 esse
2970 1733 3412 1810 immemores
3425 1791 3448 1824 ‚
3515 1731 4168 1834 philosophiamque
4235 1757 4431 1810 suam

1370 1855 1695 1932 effectum
1760 1877 1965 1955 posse
2018 1853 2222 1929 edere
2274 1853 2738 1953 perniciosum
2755 1911 2778 1944 ‚
2844 1877 3058 1955 quem
3125 1878 3214 1930 ex
3265 1854 3414 1930 suis
3481 1855 4020 1953 argumentandi
4071 1855 4428 1955 principiis

1368 1975 1627 2051 debent
1664 1999 1941 2074 negare.
2041 1971 2450 2050 Necessario
2499 1973 2634 2050 iste
2683 1973 2970 2074 effectus
3015 1973 3354 2074 pendebit
3391 1999 3434 2052 a
3475 1973 3769 2050 flumine
3814 1974 4224 2075 opinionum
4273 1975 4428 2074 qui·

1366 2096 1505 2172 bus
1578 2101 1766 2172 certo
1836 2101 2146 2192 tempore
2205 2092 2524 2170 homines
2593 2093 2854 2171 addicti
2927 2101 3112 2170 sunt.
3215 2095 3492 2175 Quodsi
3559 2093 3823 2170 flumen
3895 2093 4068 2170 illud
4082 2151 4104 2182 ,
4183 2101 4266 2169 ut
4332 2095 4432 2170 ita

1370 2216 1597 2292 dicam
1618 2271 1639 2304 ,
1710 2237 1947 2290 versus
2028 2211 2372 2289 eiusmodi
2439 2213 2952 2315 philosophiam
3029 2215 3312 2307 tendat,
3384 2213 3672 2291 habebit
3745 2214 3942 2292 facile
4023 2212 4422 2312 discipulos.

1366 2335 1578 2412 Plebs
1626 2333 1971 2436 quaedam
2021 2331 2302 2410 credula
2318 2389 2339 2423 ,
2390 2323 2596 2410 certis
2643 2333 3100 2411 ratiocinandi
3153 2335 3510 2436 principiis
3557 2361 3838 2426 carens,
3887 2335 4086 2411 facile
4133 2343 4425 2411 naturae

1368 2456 1851 2533 necessitatem
1914 2454 2335 2554 amplectens
2356 2510 2377 2543 ,
2452 2461 2687 2530 tamen
2756 2461 3124 2555 praecepta
3189 2455 3379 2531 illius
3447 2455 3924 2557 philosophiae
3943 2515 3964 2546 ‚
4051 2454 4428 2531 liberorum

1370 2575 1734 2652 hominum
1802 2573 2061 2664 instar,
2126 2569 2203 2646 in
2272 2569 2488 2648 vitam
2550 2573 2914 2650 transferet
2975 2581 3048 2649 et
3064 2632 3086 2664 ,
3153 2574 3280 2650 ubi
3327 2583 3452 2652 aut
3519 2575 3695 2665 sibi,
3767 2583 3894 2654 aut
3965 2575 4123 2651 aliis
4187 2599 4431 2651 nocere

1378 2695 1683 2797 potuerit
1702 2753 1725 2785 ,
1792 2693 1959 2770 inde
2022 2691 2540 2770 excusationem
2607 2700 2838 2796 petet,
2907 2693 3099 2794 quod
3155 2717 3336 2794 quae
3391 2693 3630 2772 fecerit
3646 2752 3667 2784 ,
3743 2694 3813 2768 vi
3871 2701 4110 2770 coacta
4163 2693 4430 2784 feeerit;

1371 2818 1737 2915 praecepta
1794 2810 2081 2888 moralia
2134 2811 2646 2912 qualiacunque
2691 2813 2958 2914 negligi
3009 2819 3340 2914 poterunt
3355 2871 3378 2905 ,
3447 2813 3672 2890 sicubi
3723 2823 3848 2890 aut
3905 2813 4276 2892 hominum
4329 2815 4432 2890 in·

1372 2934 1603 3023 tersit,
1651 2937 1777 3009 aut
1826 2930 1915 3008 iis
1952 2930 2231 3034 lubeat,
2280 2937 2353 3006 et
2389 2937 2628 3008 tamen
2677 2958 2752 3008 se
2797 2933 3004 3036 eulpa
3051 2959 3304 3012 vacuos
3347 2936 3780 3013 iudicabunt.

1465 3056 1829 3132 Praeterea
1894 3076 2037 3129 non
2096 3051 2337 3152 magni
2396 3053 2604 3152 pretii
2665 3053 2988 3130 habenda
3049 3063 3216 3130 sunt
3273 3063 3642 3158 praecepta
3699 3056 3990 3134 moralia
4045 3059 4428 3134 secundum

1370 3175 1549 3278 hanc
1592 3172 2141 3276 philosophiam:
2190 3171 2563 3250 audiamus
2611 3171 2802 3250 enim
2847 3173 3002 3250 eius
3049 3199 3402 3277 responsa.

1468 3297 1697 3372 Furta
1752 3296 2113 3370 vetantur!
2166 3293 2313 3368 Res
2358 3293 2624 3370 nullius
2677 3295 3014 3372 momenti
3063 3302 3210 3386 est3
3265 3321 3434 3373 nam
3473 3297 3664 3397 apud
3705 3298 3942 3398 plures
3983 3303 4228 3397 gentes
4277 3296 4422 3370 fur-

1374 3421 1533 3492 tum
1586 3413 1861 3490 virtutis
1918 3412 2069 3489 loco
2128 3412 2427 3490 habetur
2487 3421 2560 3489 et
2623 3439 2888 3516 pauper
2903 3475 2926 3506 ‚
2986 3417 3112 3516 qui
3157 3416 3248 3492 de
3293 3417 3542 3494 ditiore
3601 3417 3869 3518 aliquid
3921 3417 4184 3492 furatur
4203 3473 4224 3504 ,
4271 3438 4418 3490 non

1376 3535 1527 3611 vult
1567 3533 1823 3609 iniuria
1865 3532 2055 3608 hunc
2106 3533 2373 3608 afficere
2390 3591 2413 3624 ‚
2462 3533 2590 3608 sed
2632 3533 2745 3609 ius
2787 3559 2994 3610 suum
3044 3541 3322 3612 tantum
3366 3535 3502 3613 sibi
3543 3537 3848 3614 vindieat
3871 3595 3892 3628 ,
3935 3560 4151 3637 quum
4187 3533 4420 3610 omni-

1375 3653 1511 3730 bus
1558 3651 1815 3755 pariter
1860 3651 2095 3744 bonis,
2156 3677 2339 3753 quae
2405 3653 2718 3732 mundus
2760 3653 2986 3732 obfert
3002 3713 3025 3747 ,
3088 3656 3198 3732 uti
3246 3657 3450 3734 liceat
3505 3664 3578 3733 et
3628 3656 3974 3759 possessio
4037 3654 4422 3731 communis

1371 3774 1687 3852 omnium
1736 3773 1897 3856 sint.

1468 3897 1893 3972 Adulterium
1942 3897 2148 3992 nefas
2195 3895 2528 3972 babetur!
2627 3897 2768 3973 Sed
2817 3897 3340 3975 matrimonium
3393 3899 3682 3976 fortuita
3733 3906 3806 3974 et
3864 3898 4177 3974 humana
4225 3885 4426 3972 insti-

1374 4016 1556 4090 tutio
1618 4024 1765 4104 est,
1838 4024 1911 4090 et
1956 4023 2320 4116 praecepta
2378 4015 2662 4092 moralia
2725 4017 3246 4094 matrimonium
3299 4018 3682 4118 spectantia
3727 4017 4108 4116 arbitraria,
4145 4024 4312 4093 sunt
4355 4025 4430 4091 et

1380 4133 1545 4210 talia
1588 4141 1671 4208 ut
1714 4135 2133 4210 conscientia
2176 4160 2331 4210 raro
2374 4135 2461 4210 iis
2507 4135 2836 4212 adstricta
2879 4136 3212 4216 videatur.
3311 4139 3406 4214 Et
3445 4163 3800 4215 summum
3841 4137 4194 4238 religionis
4231 4135 4430 4212 Chri-

1382 4254 1646 4330 stianae
1692 4260 2171 4355 praeceptumz
2236 4257 2542 4330 inimicos
2585 4258 2790 4330 etiam
2841 4282 3034 4332 caros
3084 4259 3412 4348 habendi,
3479 4302 3576 4320 —
3632 4257 4060 4361 philosophis
4107 4259 4244 4332 illis
4287 4281 4432 4333 non

1377 4376 1569 4452 aliud
1614 4375 1789 4475 quid
1836 4381 1943 4450 est
1981 4373 2118 4449 nisi
2156 4381 2606 4475 praeceptum
2647 4375 3143 4475 perridiculum
3163 4437 3183 4468 ‚
3233 4379 3424 4479 quod
3447 4380 3640 4455 omni
3663 4380 3898 4456 sensui
3923 4378 4192 4453 homini
4219 4377 4432 4452 insito

1378 4497 1797 4572 adversetur.
1913 4494 2053 4587 Qui
2116 4521 2193 4572 re
2248 4494 2403 4596 ipsa
2462 4495 2614 4595 ipse
2671 4496 2988 4572 obediret
3047 4506 3120 4574 et
3167 4499 3284 4574 alii
3303 4558 3324 4590 ,
3373 4507 3457 4574 ut
3499 4499 4047 4600 obsequerentur
4087 4496 4431 4572 eiusmodi

1385 4624 1751 4717 praecepto
1792 4615 2037 4706 vellet,
2076 4641 2238 4693 eum
2272 4615 2444 4692 nael
2489 4620 2614 4690 aut
2634 4613 2980 4690 furentem
3001 4673 3022 4704 ,
3063 4628 3188 4692 aut
3215 4626 3450 4692 mente
3473 4625 3754 4717 captum
3785 4615 4039 4694 habere
4060 4621 4424 4716 oporteret.

1480 4735 1847 4810 Eiusmodi
1905 4736 2291 4814 doctrinam
2346 4735 2680 4812 Germani
2726 4736 3044 4814 nonnulli
3091 4737 3299 4814 latius
3349 4736 3696 4838 latiusque
3751 4761 4080 4838 spargere
4129 4758 4247 4836 per
4293 4757 4422 4833 po-

1386 4852 1633 4953 pulum
1690 4855 1977 4932 student
2020 4857 2227 4934 editis
2266 4856 2457 4934 hunc
2506 4857 2583 4933 in
2623 4857 2838 4934 finem
2887 4857 3080 4936 libris
3097 4916 3120 4952 ,
3172 4859 3262 4936 ad
3294 4859 3496 4960 vulgi
3537 4867 3822 4960 captum
3861 4851 4428 4944 accommodatis,
