4934 6184
1530 711 1921 780 SERIES
1988 709 2646 780 LEGTIONUM.
3485 707 3614 775 143

684 920 1205 1018 operationibus
1252 918 1683 1018 chemicis,
1749 920 1825 992 in
1886 919 2213 994 cadavere
2264 919 2697 994 instituendis
2713 975 2734 1006 ,
2797 917 3100 1017 qualibet
3147 917 3374 991 oblata
3417 938 3601 988 occa-

574 1043 759 1116 sione
794 1038 1089 1139 praeerit
1131 1038 1213 1113 L.
1266 1037 1348 1112 G.
1403 1059 1553 1111 van
1602 1038 2083 1114 Gonnonvnn.

666 1161 1046 1258 Deliyandi
1096 1159 1613 1233 eaercitationes
1666 1157 2137 1234 moderabitur
2171 1156 2265 1255 L.
2314 1157 2394 1234 C.
2444 1181 2596 1232 van
2645 1159 3106 1234 Gonnonvna
3121 1213 3141 1246 ‚
3192 1155 3304 1231 die
3333 1155 3566 1244 ,lunae
3586 1211 3607 1242 ,

576 1281 741 1356 hora
784 1278 1092 1352 V--VII
1141 1283 1301 1378 post
1347 1277 1729 1353 meridiem.

671 1401 869 1474 Artis
916 1399 1343 1472 obstetriciae
1388 1398 1713 1472 theoriam
1757 1405 2057 1497 exponet
2097 1398 2181 1474 L.
2222 1397 2306 1473 Ο.
2338 1421 2487 1472 vau
2533 1400 2993 1475 Gonnonvnn
3009 1457 3028 1488 ,
3078 1395 3329 1470 diebus
3371 1394 3610 1469 martis

572 1525 647 1594 et
687 1517 1007 1594 mercurii
1026 1575 1045 1606 ,
1095 1517 1262 1592 hora
1312 1515 1463 1590 XII
1515 1522 1588 1592 et
1640 1516 1929 1593 dimidia
1976 1526 2135 1617 post
2188 1517 2592 1606 meridiem;
2653 1517 2932 1594 morbos
2989 1537 3484 1616 puerperarum
3539 1519 3610 1586 et

574 1645 1026 1714 neonatorum
1075 1636 1189 1711 die
1232 1635 1403 1712 iovis
1420 1694 1441 1725 ,
1489 1632 1659 1713 hora
1699 1636 1813 1711 IX
1858 1644 2069 1736 atque
2115 1637 2266 1712 XII
2314 1645 2387 1712 et
2432 1637 2742 1715 dimidia.

670 1759 1301 1834 Emer-citationibus
1352 1757 1755 1832 obstetriciis
1780 1758 2122 1856 practicis
2150 1757 2447 1856 praeerit
2487 1757 2570 1833 L.
2611 1758 2693 1833 C.
2736 1779 2884 1832 vau
2921 1759 3382 1832 Gonnonvnn
3398 1813 3418 1842 ‚
3465 1753 3609 1827 die-

574 1877 711 1953 bus
762 1876 967 1952 lunae
1024 1884 1097 1951 et
1139 1876 1405 1952 veneris
1422 1934 1443 1966 ,
1493 1875 1664 1953 hora
1704 1876 2032 1952 XII—11
2051 1936 2072 1967 ‚
2126 1884 2199 1952 et
2246 1877 2338 1952 ad
2385 1877 2922 1978 parturientium
2968 1876 3256 1952 lectulos
3303 1873 3613 1975 qualibet

574 1997 810 2072 oblata
856 1997 1229 2073 occasione.
2200 2087 2203 2092 ,

668 2117 1091 2193 Medicinam
1108 2120 1477 2214 forensem.
1504 2125 1802 2217 exponet
1842 2118 1923 2192 F.
1969 2097 2051 2192 C.
2096 2117 2453 2192 Dounnns
2475 2176 2494 2207 ,
2542 2116 2706 2192 inde
2749 2142 2792 2191 a
2833 2116 3022 2192 feriis
3063 2115 3340 2190 aestivis
3389 2137 3610 2212 usque

572 2236 663 2311 ad
710 2237 782 2312 d.
840 2235 981 2309 XV
1030 2259 1125 2312 m.
1177 2235 1537 2312 Februarii
1555 2295 1576 2326 ,
1614 2238 1936 2335 politiam
1998 2239 2318 2312 medicam
2382 2237 2547 2312 inde
2601 2261 2645 2311 a
2700 2234 2814 2311 die
2878 2235 3056 2310 XVI
3107 2259 3198 2310 m.
3254 2233 3616 2308 Februarii

574 2379 797 2455 usque
844 2356 934 2432 ad
981 2355 1185 2432 ferias
1230 2357 1556 2446 aestivae,
1606 2355 1855 2432 diebus
1906 2356 2265 2444 mercurii,
2308 2356 2492 2431 iovis
2523 2363 2598 2432 et
2641 2356 2906 2432 veneris
2925 2415 2946 2444 ‚
2989 2354 3158 2431 hora
3210 2357 3309 2431 II.
3507 2432 3512 2438 ,

680 2476 1329 2576 OphthaImoloyiam
1370 2474 1646 2550 docebit
1681 2482 1753 2549 et
1794 2478 2311 2551 exercitationes
2346 2475 2628 2550 clinicae
2664 2478 2740 2550 in
2781 2476 3337 2574 ophthalmiam-ia
3376 2475 3612 2549 mode-

572 2595 842 2672 rabitur
882 2595 963 2670 F.
1008 2594 1091 2672 C.
1134 2595 1493 2670 Donmtns
1512 2653 1536 2683 ‚
1584 2593 1697 2669 die
1764 2594 2117 2684 mercurii,
2184 2593 2353 2670 hora
2396 2596 2434 2668 I
2458 2651 2482 2683 ,
2528 2594 2644 2670 die
2689 2594 2992 2682 saturni,
3057 2594 3223 2669 hora
3263 2595 3300 2666 Ι
3343 2593 3434 2668 ad
3469 2595 3610 2670 III.

510 2731 515 2738 ·
670 2716 758 2790 Β.
806 2716 889 2792 F.
942 2715 1337 2803 Sannum,
1386 2713 1703 2812 quamvis
1742 2738 2031 2790 munere
2067 2737 2197 2789 suo
2235 2713 2329 2788 sit
2366 2713 2740 2790 defunctus
2758 2773 2778 2802 ‚
2825 2714 3078 2789 selecta
3117 2721 3350 2788 tamen
3397 2737 3610 2812 quae-

574 2837 739 2912 dam
784 2857 826 2909 e
851 2833 1217 2932 disciplina
1255 2832 2109 2934 pathologico-chirnrgica
2134 2831 2461 2909 tractabit
2479 2835 2708 2933 capita
2724 2891 2745 2924 ,
2789 2831 3284 2933 speciminibus
3305 2857 3346 2908 e
3369 2857 3610 2908 museo

574 2978 705 3028 suo
753 2953 1183 3028 illustranda.
1260 2985 1265 2992 ’
3689 2967 3700 2980 ·

676 3073 1040 3148 Summam
1084 3073 1297 3149 etiam
1326 3095 1569 3148 eorum
1587 3127 1610 3162 ‚
1654 3095 1835 3170 quae
1872 3072 1967 3147 de·
2001 3070 2133 3148 rite
2172 3071 2656 3172 perfungendo
2693 3072 2948 3148 medici
2975 3073 3196 3150 officio
3229 3073 3378 3174 ipse
3405 3075 3612 3176 longo

574 3193 743 3270 artis
801 3192 1123 3268 exercitio
1170 3193 1415 3270 didicit
1432 3249 1455 3284 ‚
1522 3216 1686 3270 cum
1740 3191 2331 3268 commilitonibus
2388 3193 2929 3270 communicabit
2943 3251 2965 3283 ,
3013 3194 3262 3271 diebus
3310 3202 3382 3271 et
3427 3195 3612 3271 horis

576 3313 827 3391 deinde
877 3313 1285 3388 indicandis.

946 3553 1061 3630 IN
1106 3553 1667 3632 FACULTA'I'E
1715 3553 2299 3630 MATHESEOS
2348 3553 2474 3628 ΕΤ
2518 3553 3248 3630 PHILOSOPHIAE

1799 3673 2377 3750 NATURALIS.

672 3914 1039 4016 Rhysicam
1095 3915 1681 4014 eaperu’meaetalem
1745 3919 2045 4014 exponet
2094 3913 2185 3989 R.
2234 3935 2383 3986 vau
2430 3913 2630 3988 Rus
2650 3967 2673 4002 ‚
2739 3911 2990 3986 diebus
3029 3911 3236 3988 lunae
3257 3969 3278 4000 ,
3333 3915 3569 3988 martis
3589 3973 3608 4004 ,

576 4033 934 4120 mercurii,
982 4034 1154 4108 iovis
1202 4041 1273 4108 et
1310 4033 1610 4123 veneris,
1661 4033 1826 4109 hora
1878 4035 1937 4109 I.
2766 4125 2772 4132 ,

671 4153 1145 4227 Machanicam
1187 4155 1599 4251 analyticam
1645 4152 1733 4228 R.
1779 4175 1929 4228 van
1962 4153 2161 4229 Runa
2180 4212 2201 4243 ,
2252 4151 2502 4228 diebus
2549 4152 2754 4229 lunae
2768 4208 2789 4241 ,
2833 4150 3153 4230 mercurii
3189 4160 3262 4227 et
3305 4154 3568 4229 veneris
3586 4214 3605 4245 ,
3681 4147 3686 4152 ’

570 4270 741 4344 hora
785 4268 921 4346 XI.

672 4389 1017 4489 Physicae
1084 4393 1595 4470 mathematicae
1658 4394 1885 4496 capita
1947 4394 2197 4470 selecta
2260 4395 2349 4470 R.
2416 4416 2566 4468 van
2628 4394 2826 4469 Rnns
2847 4451 2868 4482 ,
2938 4392 3188 4468 diebus
3251 4391 3490 4468 martis
3537 4401 3609 4467 et

570 4510 743 4586 iovis
760 4567 780 4599 ,
842 4510 1011 4585 hora
1058 4509 1197 4586 xl:

685 4631 1023 4706 Chemiam
1063 4633 1437 4730 practicam
1480 4632 1570 4707 G.
1618 4633 1678 4707 I.
1728 4633 2058 4708 Mummi
2071 4692 2092 4723 ‚
2142 4633 2453 4732 quotidie
2490 4633 2566 4707 in
2610 4631 3056 4708 Laboratorio
3100 4631 3425 4708 chemico.

670 4751 1041 4826 Botanices
1090 4759 1163 4827 et
1215 4750 1695 4852 Physioloyiae
1737 4751 2139 4850 plantarum
2198 4755 2526 4832 elementa
2577 4759 2876 4854 exponet
2931 4751 3014 4830 C.
3063 4751 3150 4830 A.
3207 4752 3563 4828 Bnaosua
3582 4812 3604 4844 ,

578 4867 827 4946 diebus
877 4871 1083 4948 lunae
1100 4929 1123 4964 ‚
1174 4871 1417 4948 martis
1462 4878 1535 4947 et
1572 4870 1893 4947 mercurii
1910 4929 1931 4964 ,
1952 4963 1961 4970 μ
1980 4872 2149 4948 hora
2194 4871 2328 4951 XI.
3503 4855 3512 4875 ”
