4934 6184
1277 681 1403 750 136
2373 681 2423 746 1.
2493 677 2571 748 A.
2640 679 2708 747 C.
2779 677 3216 748 ROVERS

1277 853 1468 968 nunc
1528 890 1792 966 meritis
1846 888 1986 963 tuis
2035 887 2166 962 hoc
2217 886 2434 964 addas
2483 885 2686 964 velim
2706 945 2727 975 ,
2790 895 2873 962 111
2918 884 3339 985 discipulum
3386 889 3729 960 errantem
3774 883 3849 959 in
3900 883 4080 960 viam
4118 908 4313 960 revo-

1275 1037 1388 1087 ces
1405 1071 1426 1100 ,
1497 1011 1858 1087 confirmes
1923 1007 2222 1083 dubium
2286 1006 2736 1106 discendique
2796 1005 3131 1108 cupidum
3184 1012 3312 1080 tua
3354 1003 3640 1079 adiuves
3689 1004 4041 1081 doctrinae
4088 1006 4305 1106 copia.

1273 1131 1433 1206 Tibi
1489 1139 1722 1206 autem
1785 1137 1864 1204 ut
1912 1127 2302 1202 diutissime
2351 1135 2592 1227 vegeta
2642 1127 2735 1202 sit
2784 1133 3105 1202 senectus
3150 1148 3371 1224 eaque
3419 1122 3613 1198 omni
3666 1122 4011 1200 bonorum
4049 1147 4303 1223 genere

1151 1285 1158 1294 ·
1275 1247 1516 1326 ornat‘a
1535 1308 1556 1341 ‚
1609 1275 1694 1324 ex
1745 1249 1976 1324 animo
2022 1271 2278 1348 precor.

1366 1373 1582 1446 Arcta
1649 1378 1796 1458 est,
1865 1367 2046 1444 Clar.
2111 1366 2451 1442 Hon‘rms
2472 1424 2493 1457 ‚
2560 1366 2744 1442 inter
2782 1364 3002 1440 varias
3052 1363 3206 1439 illas
3258 1362 3639 1452 doctrinas,
3691 1387 3865 1462 quas
3915 1369 4000 1439 111
4048 1363 4297 1440 eximie

1271 1492 1437 1568 colis
1456 1549 1476 1580 ,
1525 1497 1598 1566 et
1641 1515 1796 1566 eam
1814 1546 1837 1578 ,
1887 1513 2067 1589 quae
2115 1485 2290 1562 mihi
2341 1485 2675 1562 tradenda
2718 1485 3125 1575 mandatur,
3172 1482 3631 1559 necessitudo.
3732 1483 3929 1558 Tuus
3978 1483 4301 1584 equidem

1273 1610 1656 1710 discipulus
1717 1633 1860 1684 non
1923 1607 2050 1682 fui.
2142 1599 2368 1685 'Quod
2437 1606 2657 1682 doleo.
2754 1607 2943 1680 Nam
3010 1613 3083 1680 te
3138 1615 3209 1680 01
3266 1603 3555 1680 Lovanii
3622 1610 3786 1680 ante
3844 1603 3971 1679 hos
4028 1603 4312 1704 triginta

1269 1755 1488 1807 annos
1544 1737 1615 1804 et
1665 1735 1907 1828 postea
1955 1724 2252 1802 Traiecti
2295 1724 2382 1800 de
2435 1724 2587 1800 iure
2631 1725 2949 1800 Romano
2999 1725 3450 1800 disserentem
3494 1723 3753 1799 audivi.
3853 1725 4314 1823 Quamquam

1273 1875 1359 1925 ex
1429 1847 1700 1948 scriptis
1766 1846 1908 1921 tuis
1971 1870 2083 1920 me
2151 1844 2472 1921 nonnihil
2527 1844 2895 1943 profecisse
2961 1844 3255 1945 gaudeo.
3377 1843 3763 1944 Suspicaris
3826 1843 4045 1944 igitur
4062 1903 4085 1934 ‚
4144 1843 4316 1943 quid

1270 1995 1593 2070 praesens
1661 1974 2093 2068 praesentem
2159 1989 2420 2064 rogem.
2520 1966 2723 2065 Rogo
2783 1972 3021 2040 autem
3087 1989 3171 2039 eo
3236 1963 3567 2038 fidentius
3586 2019 3609 2053 ‚
3678 1987 3821 2063 quo
3882 1963 4142 2039 maiore
4203 1987 4315 2038 me

1271 2089 1435 2164 inde
1503 2115 1546 2165 a
1607 2086 2144 2163 commoratione
2203 2084 2621 2160 Lovaniensi
2691 2091 3099 2184 prosecutus
3164 2108 3240 2158 es
3312 2082 3814 2158 benevolentia.
3942 2085 4038 2158 Et
4107 2082 4315 2158 huius

1273 2208 1558 2308 quidem
1612 2206 2131 2282 benevolentiae
2197 2229 2484 2280 causam
2530 2212 2683 2279 tum
2730 2203 2899 2280 alias
2944 2228 3149 2304 saepe
3193 2207 3345 2278 tum
3391 2226 3551 2278 vero
3590 2201 3722 2278 hac
3769 2209 4029 2278 aestate
4072 2202 4312 2300 exqui-

1268 2354 1428 2404 rens
1449 2388 1469 2418 ‚
1537 2328 1730 2402 visus
1781 2326 1956 2400 mihi
2017 2350 2174 2400 sum
2219 2324 2397 2399 hanc
2456 2324 2789 2424 reperisse
2840 2323 3217 2399 maximam
3236 2383 3259 2414 ‚
3318 2323 3545 2422 quod,
3607 2323 3733 2421 qui
3778 2322 4123 2398 Hnusmo
4168 2322 4310 2398 cari

1271 2455 1472 2524 erant
1490 2508 1510 2538 ‚
1560 2448 1692 2523 tibi
1746 2445 1938 2522 cordi
1992 2451 2178 2520 sunt.
2276 2445 2578 2544 Accepi,
2628 2451 2699 2519 te
2740 2443 2815 2518 in
2858 2443 3109 2518 scholis
3150 2443 3293 2519 tuis
3339 2443 3747 2518 Hnus'mtm
3792 2441 4181 2542 aliquando
4216 2442 4317 2518 sic
4451 2432 4457 2440 ’

1269 2570 1520 2646 citasse
1539 2628 1559 2658 ,
1627 2591 1789 2642 eum
1859 2573 1941 2640 111
2011 2587 2286 2640 vocares
2349 2589 2743 2639 communem
2802 2572 3099 2640 nostrum
3150 2565 3435 2640 omnium
3484 2571 4016 2662 praeceptorem.
4116 2562 4315 2638 Haec

1271 2712 1403 2763 vox
1437 2685 1528 2762 ab
1565 2685 1685 2760 illo
1729 2683 2035 2785 profecta
2049 2740 2071 2771 ,
2122 2680 2246 2780 qui
2279 2681 2623 2781 ampullas
2666 2688 2737 2756 et
2772 2681 3277 2783 sesquipedalia
3320 2690 3671 2758 aversatur
3691 2741 3710 2772 ,
3759 2682 3899 2758 dici
3940 2683 4053 2758 vix
4084 2691 4317 2782 potest

1271 2831 1485 2908 quam
1547 2811 1748 2906 grata
1792 2802 2000 2878 fuerit
2043 2801 2377 2902 proximis
2429 2802 2555 2876 viri
2600 2803 2863 2902 egregii
2904 2801 3219 2902 cognatis
3240 2860 3261 2890 ,
3322 2825 3539 2901 quam
3582 2802 3892 2878 iucunda
3936 2802 4110 2878 mihi
4124 2861 4145 2894 ,
4194 2805 4321 2902 qui

1269 2926 1694 3004 avunculum
1735 2924 1946 2999 'sicut
2008 2928 2280 3020 patrem
2333 2921 2517 2998 colui
2571 2930 2643 2997 et
2688 2947 2803 2998 me
2845 2921 2937 2998 ab
2984 2947 3068 2998 eo
3111 2921 3239 2996 filii
3288 2921 3509 2997 instar
3552 2921 3885 2998 dilectum
3932 2947 4083 2998 esse
4132 2923 4314 2999 novi.

1272 3050 1388 3124 Illi
1458 3056 1804 3147 quantum
1871 3044 2210 3131 debeam,
2280 3042 2398 3117 alii
2461 3043 2936 3142 suspicantur,
3002 3067 3135 3142 ego
3194 3049 3427 3116 autem
3480 3087 3583 3100 --
3630 3067 3793 3117 nam
3848 3067 4205 3142 persevero
4240 3045 4317 3118 in

1274 3167 1650 3254 sententia,
1720 3189 1932 3263 quam
1994 3171 2156 3238 ante
2215 3162 2341 3236 hos
2401 3162 2925 3260 quatuordecim
2992 3187 3211 3238 annos
3260 3163 3706 3262 pronunciavi
3746 3205 3851 3221 —-
3894 3163 4020 3238 sed
4070 3188 4201 3264 ego
4247 3173 4319 3239 et

1277 3287 1417 3362 scio
1463 3309 1650 3359 unus
1695 3291 1770 3358 01
1809 3283 2090 3382 penitus
2142 3281 2362 3356 sentio
2406 3289 2478 3355 et
2526 3282 2887 3358 obliviscar
2926 3307 3311 3382 numquam
3364 3289 3438 3356 01
3486 3289 3647 3382 apte
3691 3290 3925 3358 tamen
3978 3284 4316 3383 pleneque

1276 3427 1616 3504 exponere
1677 3426 1969 3500 nequeo,
2071 3400 2303 3476 Multa
2324 3460 2347 3491 ,
2411 3401 2539 3476 Vir
2583 3402 3071 3480 Eruditissime
3092 3461 3114 3492 ,
3178 3412 3304 3478 tua
3350 3410 3516 3477 sunt
3564 3402 3641 3476 in
3679 3403 4008 3480 Hausnn
4065 3404 4316 3480 liberos
4382 3463 4396 3470 -

1277 3523 1620 3600 amicitiae
1694 3520 2130 3597 documenta.
2253 3521 2752 3624 Memetipsum
2814 3522 2947 3598 tibi
3008 3523 3187 3598 sicut
3241 3522 3466 3598 filium
3517 3522 3669 3598 eius
3716 3531 3891 3600 natu
3934 3525 4316 3604 maximum

1280 3642 1712 3719 commendo,
3618 3653 3627 3661 '

1377 3761 1520 3836 Sed
1567 3753 1782 3844 'vobis
1850 3758 2176 3835 omnibus
2195 3817 2216 3848 ,
2285 3759 2438 3834 Viri
2496 3759 2916 3851 Clarissimi,
2980 3785 3093 3836 me
3156 3762 3537 3839 admodum
3599 3766 4032 3842 commendo.
4150 3769 4317 3847 Quo

1279 3883 1512 3982 plures
1567 3882 1641 3956 111
1705 3879 1970 3956 Ordine
2020 3887 2256 3954 vestro·
2291 3903 2446 3954 esse
2494 3880 2808 3980 intelligo
2823 3938 2844 3969 ‚
2911 3881 3331 3980 quibuscum
3380 3879 3679 3960 arduum
3719 3886 3898 3961 foret
3938 3886 4201 3986 ingenii
4244 3903 4317 3962 et

1283 4000 1692 4076 erudit-ionis
1733 4009 2082 4076 certamen
2103 4058 2124 4089 ,
2175 4024 2256 4074 eo
2302 4000 2659 4076 lubentius
2703 4024 2866 4076 cum
2910 4002 3235 4078 omnibus
3276 4003 3577 4080 amicitia
3616 4011 3687 4078 et
3723 4004 3865 4080 fide
3910 4007 4211 4083 certabo,

1380 4239 1502 4315 Ad
1549 4264 1669 4314 vos
1713 4238 1962 4314 accedo
1977 4297 1998 4328 ,
2045 4239 2420 4316 Auditores
2467 4240 2544 4314 H
2550 4241 3001 4319 umanissimi.
3113 4245 3375 4320 Fausta
3422 4243 3595 4320 mihi
3640 4247 3929 4346 optastis
3978 4247 4304 4347 auspicia.

1281 4361 1450 4436 Huc
1472 4419 1492 4449 ,
1561 4367 1906 4459 quantum
1964 4359 2038 4432 in
2108 4357 2302 4432 vobis
2349 4358 2523 4449 fuit,
2588 4361 2996 4438 contulistis.
3098 4366 3315 4440 Grata
3352 4364 3526 4440 mihi
3566 4364 3883 4441 omnium
3922 4368 4311 4466 praesentia

1282 4481 1568 4568 accidit,
1629 4485 1828 4580 grata
1879 4478 1952 4552 in
2014 4477 2254 4577 primis
2308 4485 2567 4568 vestra,
2620 4479 3045 4557 dilectissimi
3087 4484 3364 4584 cognati
3403 4484 3493 4561 A.
3545 4485 3628 4559 O.
3682 4509 3833 4560 van
3882 4485 4193 4561 Hnusnn·
4236 4493 4310 4559 et

1259 4625 1428 4676 van
1475 4601 1683 4682 Hm
1705 4657 1726 4687 ,
1789 4599 1912 4698 qui
1955 4597 2028 4672 in
2079 4598 2219 4672 vita
2257 4599 2787 4700 occupatissima
2832 4602 3109 4678 aliunde
3162 4605 3255 4680 ad
3302 4607 3472 4684 haec
3518 4605 3851 4682 sollennia
3896 4607 4306 4684 celebranda

1281 4720 1420 4794 huc
1482 4719 1764 4804 venistis
1831 4725 2274 4818 vestrumque
2292 4778 2315 4811 ‚
2385 4743 2600 4820 quem
2661 4722 2944 4822 plurimi
3005 4721 3223 4814 facio,
3290 4727 3366 4800 in
3427 4751 3539 4801 me
3586 4751 3890 4802 amorem
3942 4727 4313 4828 probastis.

1285 4839 1426 4913 Sed
1471 4839 1700 4930 doleo,
1749 4837 1839 4913 ab
1883 4839 1968 4914 iis
2006 4846 2284 4940 propter
2333 4847 2631 4918 aetatem
2678 4841 2877 4920 illum
2924 4841 3165 4921 abesse
3210 4844 3431 4923 virum
3452 4905 3473 4942 ,
3525 4871 3735 4947 quem
3783 4872 4005 4924 unum
4039 4855 4312 4948 praeter
