4934 6184
1388 691 1474 756 88
2574 691 2625 756 1.
2697 709 2865 753 vau
2934 689 3250 754 HALL

1490 1019 1702 1096 Quod
1763 1015 1906 1092 dixi
1970 1016 2056 1092 de
2113 1015 2404 1114 singulis
2474 1015 2840 1115 provinciis
2859 1073 2878 1103 ‚
2942 1013 3019 1088 id
3082 1015 3262 1090 valet
3315 1013 3526 1088 etiam
3586 1012 3674 1087 de
3724 1012 4011 1090 diversis
4065 1015 4423 1116 praecipu-

1389 1163 1587 1212 arum
1660 1136 2164 1236 provinciarum
2231 1135 2869 1211 communitatibus.
2994 1133 3154 1208 Dici
3229 1133 3403 1209 adeo
3474 1133 3587 1206 vix
3650 1141 3923 1232 potest,
4001 1143 4264 1234 quanta
4344 1137 4420 1210 in

1386 1258 1762 1334 Hollandia
1807 1256 2109 1333 maxime
2161 1255 2501 1331 exstiterit
2544 1256 2801 1330 iurium
2860 1254 3218 1329 diversitas
3240 1312 3261 1342 ,
3327 1249 3897 1352 quandoquidem
3946 1254 4207 1354 proprii
4248 1255 4419 1329 iuris

1387 1376 1728 1453 condendi
1796 1377 2230 1476 privilegium
2262 1434 2281 1464 ,
2345 1374 2536 1474 quod
2598 1373 2767 1449 olim
2813 1373 3319 1472 antiquioribus
3363 1379 3435 1446 et
3485 1370 3991 1471 potentioribus
4032 1373 4415 1447 communi·

1384 1495 1648 1572 tatibus
1695 1521 2098 1572 concessum
2152 1501 2340 1583 erat,
2389 1495 2531 1568 iam
2578 1494 2667 1569 ab
2711 1493 2863 1569 aliis
2906 1494 3119 1570 etiam
3162 1490 3667 1592 usurpabatur3
3719 1492 3945 1592 magis
3988 1499 4226 1568 autem
4270 1517 4417 1568 ma-

1385 1616 1634 1716 gisque
1683 1617 1756 1691 in
1811 1617 1962 1716 lege
1981 1674 2002 1704 ‚
2053 1617 2406 1689 communis
2446 1613 2791 1713 quaedam
2831 1612 3051 1711 ipsius
3071 1671 3091 1702 ‚
3143 1637 3269 1686 seu
3312 1610 3608 1686 civitatis
3628 1669 3649 1699 ,
3698 1637 3824 1686 seu
3858 1612 4375 1688 communitatis
4394 1671 4414 1702 ‚

1387 1732 1892 1834 agnoscebatur
1957 1736 2241 1832 sponsio.
2341 1731 2497 1821 Quo
2564 1731 2826 1806 factum
2851 1790 2870 1819 ,
2940 1737 3023 1805 ut
3080 1729 3225 1804 suis
3268 1729 3543 1830 legibus
3591 1729 3784 1805 haud
3832 1729 3932 1807 ita
3977 1731 4219 1806 multis
4266 1733 4415 1832 ipsa

1387 1853 1802 1928 Hollandiae
1865 1859 2176 1926 uteretur
2237 1852 2585 1951 provincia
2602 1909 2623 1940 ,
2696 1853 2819 1926 sed
2888 1875 3051 1926 mox
3106 1875 3266 1926 suas
3319 1850 3769 1951 propriasque
3825 1849 4218 1926 obtinerent
4280 1876 4417 1925 non

1386 1982 1662 2049 tantum
1743 1971 1998 2070 oppida
2067 1972 2462 2106 complura,
2534 1972 2657 2046 sed
2726 1972 2937 2046 etiam
3025 1969 3503 2045 universitates
3574 1980 3785 2070 atque
3812 2029 3816 2034 .
3846 1971 4133 2070 collegia
4206 1970 4419 2046 ferme

1389 2093 1681 2192 singula.
1801 2091 2113 2166 Profecto
2191 2092 2327 2166 nisi
2388 2091 2477 2165 de
2537 2091 2707 2165 iuris
2768 2089 2985 2164 civilis
3046 2089 3391 2188 capitibus
3438 2089 3617 2164 bene
3668 2089 3908 2164 multis
3959 2116 4184 2166 mores
4247 2115 4406 2166 con·

1391 2214 1763 2311 spirassent
1823 2218 2032 2310 atque
2091 2236 2341 2312 corpus
2400 2211 2570 2286 iuris
2614 2211 2916 2286 Romani
2986 2209 3306 2344 agnitum
3358 2209 3605 2284 fuisset
3658 2217 3992 2308 tanquam
4039 2211 4152 2285 ius
4190 2205 4417 2286 subsi-

1390 2325 1724 2420 diarium,
1775 2332 2194 2406 exstinctum
2241 2355 2520 2430 prorsus
2561 2339 2631 2404 et
2671 2329 3123 2406 obsoletum'
3104 2353 3176 2402 m
3220 2328 3447 2428 patria
3490 2335 3727 2404 nostra
3769 2328 4017 2403 fuisset
4055 2354 4421 2404 commune

1391 2451 1679 2550 aliquod
1725 2450 1954 2550 Belgii
2003 2449 2334 2525 foederati
2379 2450 2529 2524 ius!
3498 2513 3509 2522 .

1486 2571 1759 2651 Quodsi
1823 2571 2066 2670 primis
2127 2579 2285 2670 post
2349 2569 2700 2645 conditam
2761 2593 3012 2643 novam
3081 2538 3580 2668 rempublicam
3628 2567 4057 2668 temporibus
4127 2569 4415 2668 vestigia

1391 2693 1678 2766 Canon
1723 2690 1791 2762 V
1859 2698 2146 2765 eatenus
2201 2689 2421 2765 secuti
2476 2695 2642 2763 sunt
2695 2695 2924 2788 patres
2970 2687 3231 2776 nostri,
3298 2694 3380 2762 ut
3424 2687 3512 2762 de
3562 2687 3914 2764 nonnullis
3961 2685 4133 2762 iuris
4178 2688 4417 2788 capiti-

1387 2809 1521 2884 bus
1547 2869 1566 2897 ,
1638 2809 1726 2883 iis
1785 2808 2082 2883 maxime
2147 2832 2326 2907 quae
2395 2833 2555 2883 cum
2628 2832 2805 2884 novo
2849 2830 3081 2882 rerum
3152 2807 3395 2882 ordine
3436 2807 3917 2896 cohaererent,
3975 2831 4189 2882 novas
4237 2806 4420 2906 leges

1387 2928 1820 3004 condiderint
1892 2928 2338 3026 provinciales
2361 2986 2382 3016 ,
2451 2929 2541 3002 de
2614 2928 2991 3028 redigendo
3054 2927 3454 3027 provinciali
3506 2927 3655 3001 iure
3733 2927 3807 3000 in
3866 2925 4032 3000 artis
4090 2925 4379 3002 formam
4399 2983 4419 3015 ,

1389 3050 1477 3123 de
1537 3047 1940 3146 colligendis
2007 3047 2615 3147 describendisque
2680 3047 2955 3148 legibus
3014 3047 3183 3146 ipsis
3202 3104 3223 3135 ,
3286 3045 3469 3122 facta
3534 3047 3821 3145 quidem
3870 3037 4168 3121 subinde
4216 3071 4418 3144 quae·

1391 3169 1554 3242 dam
1602 3166 1791 3266 apud
1834 3165 2108 3240 ordines
2157 3165 2292 3241 fuit
2335 3167 2632 3257 menti0,
2684 3155 2808 3242 sed
2858 3167 3035 3242 serio
3086 3167 3429 3242 eiusmodi
3472 3192 3651 3266 opus
3692 3165 3767 3240 in
3812 3165 4190 3242 Hollandia
4219 3163 4417 3240 num-

1391 3311 1601 3385 quam
1670 3284 1805 3359 fuit
1871 3292 2264 3385 susceptum
2290 3345 2309 3375 ‚
2378 3288 2452 3361 in
2520 3287 2765 3362 ceteris
2826 3295 3061 3362 autem
3124 3285 3491 3386 provinciis
3511 3345 3532 3378 ,
3614 3286 3738 3386 qui
3797 3285 4204 3386 generaliori
4272 3292 4417 3359 ute-

1393 3407 1650 3480 bantur
1703 3405 2101 3506 provinciali
2153 3405 2336 3494 iure,
2388 3406 2623 3490 minus
2671 3404 2844 3481 adeo
2892 3413 3037 3480 erat
3087 3405 3572 3482 necessarium.

1487 3645 1658 3718 Erat
1718 3643 1938 3744 igitur
2001 3645 2170 3720 haec
2233 3645 2374 3719 fere
2439 3645 2743 3722 conditio
2810 3647 2979 3721 iuris
3046 3648 3261 3722 nostri
3284 3705 3305 3735 ,
3371 3671 3530 3722 cum
3598 3645 3729 3720 sub
3787 3643 4020 3720 finem'
4057 3641 4419 3740 superioris

1339 3863 1346 3869 .
1393 3763 1648 3840 saeculi
1704 3789 1743 3839 e
1802 3789 2031 3838 rerum
2080 3765 2515 3865 politicarum
2566 3767 3003 3841 conversione
3052 3767 3409 3842 exsisteret
3460 3764 3849 3865 respublica
3866 3823 3888 3853 ,
3936 3763 4198 3837 Batava
4244 3787 4425 3861 quae·

1393 3885 1786 3973 dicebatur,
1835 3910 1999 3960 cum
2050 3885 2308 3960 Frisica
2361 3885 2467 3960 vel
2513 3885 2927 3960 Hollandica
2948 3943 2969 3974 ,
3021 3885 3293 3961 Gelrica
3337 3886 3446 3960 vel
3498 3879 3883 3960 Traiectina
3950 3884 4096 3957 sine
4164 3881 4418 3956 invidia

1395 4003 1723 4104 appellari
1787 4028 1923 4078 non
1987 4014 2240 4103 posset.
2343 4005 2444 4078 Ut
2506 4003 2577 4080 in
2636 4005 2989 4104 republica
3044 4009 3465 4082 Francorum
3486 4064 3507 4094 ,
3574 4005 3674 4080 ita
3727 4005 3802 4078 in
3858 4011 4093 4078 nostra
4144 4025 4417 4101 quoque

1397 4147 1568 4197 unus
1614 4123 1848 4221 legum
1901 4123 2118 4198 codex
2169 4123 2535 4226 videbatur
2577 4125 3002 4202 condendus.
3102 4126 3240 4200 Sed
3285 4149 3425 4200 non
3472 4133 3618 4199 erat
3668 4124 3741 4197 in
3796 4123 3962 4212 hac,
4014 4132 4096 4196 ut
4138 4123 4233 4196 in'
4262 4120 4417 4209 illa,

1398 4268 1539 4318 una
1603 4241 1944 4343 quaedam
2007 4243 2212 4342 longe
2273 4217 2752 4343 potentissima
2808 4245 3088 4335 civitas,
3158 4245 3355 4322 cuius
3416 4244 3594 4320 bene
3654 4253 3819 4318 nota
3884 4241 4187 4341 satisque
4238 4249 4421 4316 recte

1399 4362 1785 4462 conscripta
1851 4368 1925 4436 et
1965 4369 2326 4460 tamquam
2387 4364 2501 4437 ius
2555 4363 3042 4438 subsidiarium
3114 4365 3351 4467 agnita
3406 4365 3801 4439 consuetudo
3842 4362 3918 4436 in
3968 4387 4144 4436 novo
4188 4361 4421 4436 codice

1397 4507 1650 4581 magna
1718 4505 1844 4581 pro
1914 4487 2109 4581 parte
2171 4477 2690 4557 describeretur.
2801 4483 3050 4583 Neque
3108 4481 3392 4560 aderant
3452 4482 3655 4558 nobis
3718 4481 4071 4557 nobilioris
4122 4480 4415 4556 alicuius

1399 4602 1867 4678 iurisconsulti
1918 4601 2170 4701 scripta
2187 4655 2209 4694 ‚
2260 4627 2478 4702 quae,
2528 4613 2611 4678 ut
2656 4603 3055 4678 Pormnnn
3105 4605 3374 4704 scriptis
3418 4605 3491 4678 in
3540 4601 3768 4678 Gallia
3816 4600 4153 4700 contigit,
4200 4599 4299 4675 ita
4339 4600 4419 4673 in

1396 4727 1666 4794 nostros
1729 4745 1898 4797 usus
1965 4728 2515 4798 converteremus
2536 4781 2557 4812 ,
2624 4731 2705 4796 ut
2756 4747 2797 4796 e
2842 4732 3377 4800 commentatore
3431 4729 3702 4797 textum
3749 4723 3982 4822 ipsum
4031 4719 4205 4819 legis
4254 4713 4454 4793 con-'

1259 4915 1270 4926 ,
1398 4839 1861 4915 stitueremus.
1959 4840 2187 4916 Facile
2252 4841 2488 4939 itaque
2544 4842 2913 4942 praescribi
2970 4850 3240 4944 poterat
3296 4843 3367 4920 in
3426 4843 3579 4944 lege
3624 4839 4127 4920 fundamentali
4180 4859 4424 4914 eorum
