4934 6184
1760 695 2377 792 ‘onAr10.
3541 697 3624 762 n

642 1363 647 1368 ·
691 1267 922 1366 Igitur
961 1264 1261 1364 regionis
1303 1263 1789 1338 amoenitatem
1826 1271 1899 1339 et
1933 1265 2062 1338 soli
2102 1265 2485 1340 bonitatem
2519 1287 2658 1338 non
2699 1287 2900 1361 parce
2935 1260 3202 1337 extollit
3223 1263 3621 1337 Tamarus.

594 1387 1017 1485 Quicunque
1055 1385 1211 1478 (ait)
1246 1385 1338 1475 ιι)
1380 1383 1557 1456 hanc
1590 1383 2009 1479 provinciam
2058 1393 2376 1484 peragrat
2416 1392 2487 1458 et
2523 1381 3009 1457 animadvertit
3027 1441 3047 1470 ‚
3099 1390 3274 1480 quot
3315 1390 3386 1454 et
3413 1405 3625 1479 quam

594 1507 1009 1606 propinqua
1040 1529 1187 1580 sese
1233 1503 1582 1601 excipiant
1628 1527 1884 1602 magna
1939 1515 2010 1580 et
2058 1505 2447 1604 frequentia
2487 1502 2744 1601 oppida
2782 1502 3083 1600 pagique
3105 1559 3124 1588 ‚
3175 1525 3388 1598 quam
3436 1500 3623 1574 miri-

586 1629 715 1701 fice
796 1626 1057 1723 ubique
1114 1648 1233 1696 rus
1294 1621 1649 1697 excultum
1718 1623 1807 1695 sit
1827 1682 1847 1710 ‚
1898 1631 2299 1722 quantaque
2346 1624 2711 1698 hominum
2766 1619 3144 1694 multitudo
3193 1620 3583 1718 navigando
3605 1679 3624 1708 ,

586 1771 749 1820 cum
825 1768 948 1843 per
1010 1742 1395 1842 longinqua
1460 1741 1675 1816 maria
1728 1749 1879 1816 tum
1932 1744 2005 1818 in
2058 1745 2287 1818 fluviis
2308 1803 2328 1832 ,
2392 1751 2762 1842 quaestum
2807 1740 3053 1828 faciat,
3114 1740 3178 1813 ei
3221 1739 3624 1838 apparebit,

588 1867 858 1940 nullum
907 1888 1033 1961 per
1074 1887 1355 1938 omnem
1404 1862 1645 1956 orbem
1698 1869 2036 1939 terrarum
2090 1889 2241 1939 esse
2286 1865 2554 1950 locum,
2605 1861 2728 1960 qui
2757 1860 2944 1934 hunc
2972 1861 3309 1958 populum
3338 1883 3628 1956 numero

586 1989 859 2082 aequet.
938 2023 1037 2038 —-
1107 1980 1328 2056 Cuius
1401 1980 1828 2078 frequentiae
1892 1991 1963 2056 et
2028 1983 2203 2056 aliae
2264 2008 2309 2056 a
2368 1983 2702 2056 Tnurmo
2775 1981 3151 2079 exiguntur
3205 1997 3452 2054 causae
3473 2037 3492 2066 ‚
3555 1988 3628 2054 et

594 2103 895 2178 maxime
924 2101 1093 2176 haec
1117 2104 1239 2193 ¹2⁴⁸),
1274 2100 1463 2199 quod
1505 2100 1757 2175 eximia
1790 2101 2091 2200 regionis
2119 2101 2515 2202 pulcritudo
2536 2161 2556 2189 ‚
2607 2124 2852 2199 quam,
2901 2100 3156 2173 frustra
3177 2106 3477 2198 negante
3503 2123 3626 2172 na-

584 2231 743 2298 tura
767 2282 786 2311 ‚
856 2223 1083 2296 effecit
1129 2221 1386 2297 civium
1446 2219 1789 2296 industria
1811 2281 1831 2309 ‚
1882 2222 2237 2322 ingentem
2286 2222 2597 2321 quotidie
2635 2221 2928 2328 copiam,
2957 2219 3212 2294 alliciat
3250 2220 3627 2292 otiosorum

588 2351 660 2418 et
726 2343 1151 2417 curiosorum
1172 2401 1191 2430 ‚
1264 2342 1388 2440 qui
1449 2342 1664 2416 visere
1709 2341 1885 2418 hanc
1935 2343 2355 2441 provinciam
2406 2343 2729 2440 cupiant,
2797 2340 3070 2415 etiamsi
3115 2364 3272 2414 eam
3316 2339 3628 2415 habitare

589 2461 1076 2561 dedignentur.
1194 2461 1378 2536 Nam
1454 2461 1671 2536 veluti
1742 2463 2145 2537 Britannica
2210 2470 2390 2536 terra
2456 2462 2547 2536 ab
2609 2463 2762 2562 ipsa
2805 2469 3055 2535 natura
3107 2466 3434 2534 exornata
3481 2468 3626 2546 est,

582 2581 682 2655 ita
758 2581 1138 2656 Hollandia
1212 2580 1592 2680 splendidis
1670 2582 2039 2682 conspicua
2111 2582 2385 2680 oppidis
2447 2581 2792 2669 ostendit,
2861 2581 3035 2679 quid
3095 2581 3366 2655 valeant
3407 2579 3627 2653 homi·

582 2723 753 2775 num
806 2710 1008 2778 artes.
2987 2789 3004 2806 .

682 2821 905 2893 Haud
970 2821 1264 2908 mirum,
1338 2827 1657 2894 nostrum
1721 2845 1997 2917 quoque
2072 2828 2425 2894 auctorem
2481 2821 2872 2915 praedicare
2929 2822 3228 2894 Batavos
3283 2820 3409 2917 qui
3459 2843 3630 2894 nsua

596 2937 849 3012 alitora
889 2938 1111 3011 fecere
1130 2996 1150 3026 ,
1202 2945 1273 3012 et
1318 2939 1537 3012 maria
1584 2946 1659 3012 et
1699 2946 1915 3012 terras
1953 2946 2024 3012 et
2060 2939 2417 3012 obstantes
2442 2939 2770 3012 domuere
2801 2939 2988 3012 Deos
3009 2939 3180 3030 ¹³).'’
3225 2940 3630 3034 Spectatum

583 3058 755 3131 ierat
782 3057 875 3148 ¹⁴)
924 3056 1237 3130 consulto
1282 3057 1512 3130 lacum
1557 3059 1921 3131 Bamestra
1941 3115 1960 3146 ,
2012 3057 2472 3156 quadraginta
2495 3037 2660 3130 ’fere
2709 3057 2909 3131 annis
2959 3064 3119 3132 ante
3169 3050 3629 3147 exsiccatum,

582 3201 771 3250 nunc
814 3182 1054 3250 autem
1101 3175 1499 3251 laetissimis
1535 3178 1751 3276 pratis
1792 3179 2163 3266 virentem,
2228 3178 2585 3253 canalibus
2634 3175 2946 3275 undique
2988 3176 3301 3276 pervium
3323 3234 3342 3265 ,
3393 3184 3464 3250 et
3501 3177 3630 3251 viis

579 3297 934 3372 munitum
989 3295 1251 3395 duplici
1301 3296 1625 3372 arborum
1667 3297 1908 3372 ordine
1956 3297 2217 3372 decoris
2238 3357 2257 3386 ,
2310 3299 2495 3372 unde
2545 3297 3075 3376 venustissimus
3125 3323 3249 3396 per
3289 3297 3629 3373 aestivum

579 3425 859 3512 tempus
935 3414 1048 3489 hic
1112 3414 1380 3489 exstitit
1424 3423 1685 3490 tractus
1708 3474 1729 3505 ,
1788 3416 1913 3514 qui
1957 3416 2229 3515 uspiam
2281 3416 2544 3516 adspici
2597 3417 2838 3515 possit.
2938 3419 3034 3490 Et
3083 3416 3374 3492 ulterius
3415 3418 3626 3492 etiam

582 3561 699 3610 eos
764 3535 931 3608 olim
1003 3534 1222 3609 ituros
1286 3535 1693 3634 suspicatur.
1794 3537 1923 3610 Est
1984 3536 2169 3609 enim
2228 3535 2302 3609 in
2366 3535 2598 3609 media
2640 3536 2987 3635 provincia
3025 3536 3206 3610 alius
3246 3537 3436 3610 lacus
3477 3527 3624 3612 am-

581 3655 974 3754 plissimuS‚
1053 3655 1169 3729 cui
1238 3679 1495 3730 nomen
1560 3655 2081 3744 Harlem'ensis3
2152 3680 2363 3754 quem
2424 3656 2622 3730 facile
2688 3681 2967 3756 quoque
3029 3656 3356 3730 exsiccari
3424 3681 3624 3754 posse

582 3775 984 3876 perhibent,
1054 3773 1241 3850 unde
1295 3775 1487 3849 haud
1534 3776 1787 3875 exigua
1832 3777 1982 3875 agri
2029 3801 2187 3875 pars
2235 3776 2706 3874 acquireretur
2744 3777 3044 3876 regioni,
3095 3801 3273 3874 quae
3315 3776 3508 3851 nulla
3550 3801 3624 3850 re

584 3897 805 3994 magis
878 3895 1190 3994 indiget,
1260 3921 1403 3993 qua
1446 3895 1670 3970 alatur
1712 3897 1961 3996 ingens
2008 3897 2126 3970 illa
2185 3897 2548 3971 hominum
2602 3897 2835 3994 copia,
2888 3896 3144 3994 quibus
3187 3895 3504 3970 abundat
3553 3904 3624 3970 et

582 4015 815 4112 pollet.
914 4016 1227 4090 Multum
1291 4016 1379 4090 de
1452 4017 1581 4090 hoc
1640 4041 1843 4116 opere
1909 4017 2345 4116 suscipiendo
2412 4016 2848 4115 disputatum
2907 4023 3048 4090 est:
3117 4022 3191 4090 at
3239 4016 3409 4090 urbs
3461 4017 3620 4091 Lei-

586 4134 817 4208 densis
844 4194 862 4221 ,
913 4160 1095 4233 quae
1138 4162 1225 4210 ex
1268 4137 1397 4211 hoc
1452 4138 1610 4212 lacu
1652 4137 1947 4212 salubris
1994 4163 2215 4237 aquae
2262 4139 2532 4238 copiam
2577 4137 2650 4210 in
2703 4161 2862 4211 suas
2912 4136 3128 4211 fossas
3178 4137 3394 4235 petit,
3443 4162 3620 4212 nun-

586 4277 798 4352 quam
845 4255 1193 4358 proposito
1241 4257 1623 4330 consentiet
1670 4259 1791 4347 l³⁵).

685 4373 850 4470 Ipsa
894 4381 1128 4446 autem
1172 4374 1289 4449 illa
1330 4400 1669 4473 aquarum
1706 4377 1901 4478 copia
1922 4435 1941 4464 ,
1994 4402 2133 4475 qua
2155 4385 2385 4452 'scatet
2422 4377 2840 4466 Hollandia‚
2893 4377 3118 4451 solum
3148 4377 3332 4451 felici
3359 4377 3620 4476 uligine

598 4490 927 4565 fecundat
987 4515 1205 4588 quum
1280 4493 1507 4568 hieme
1571 4497 1805 4572 omnia
1860 4507 2116 4596 pontus
2162 4509 2363 4586 sunt3
2428 4499 2598 4572 dum
2618 4557 2638 4586 ,
2689 4523 2842 4572 vere
2885 4496 3441 4594 superveniente,
3491 4521 3622 4595 ope

594 4612 931 4688 molarum
978 4611 1177 4686 facile
1220 4636 1461 4686 rursus
1506 4615 1909 4690 exhauritur
1938 4619 2056 4707 ¹⁰).
2158 4619 2407 4716 Neque
2440 4619 2572 4692 hoc
2613 4618 2896 4691 unicum
2927 4626 3032 4690 est
3069 4616 3340 4689 lucrum
3362 4673 3382 4703 ,
3431 4617 3620 4715 quod

592 4731 969 4830 percipitur
1042 4758 1129 4804 ex
1196 4732 1331 4806 ista
1395 4733 1695 4832 regionis
1762 4736 2046 4834 planitie
2104 4762 2241 4834 qua
2262 4793 2281 4822 ,
2352 4735 2572 4832 quieti
2652 4737 2860 4810 maris
2921 4736 3174 4823 instar,
3245 4733 3624 4811 Hollandia

598 4851 995 4924 extenditur
1020 4853 1155 4947 ¹⁷):
1196 4877 1358 4928 nam
1391 4852 1449 4927 si
1480 4863 1746 4954 spectas
1769 4855 2139 4930 fluminum
2168 4854 2698 4954 amplitudinem
2739 4863 2810 4932 et
2851 4855 3239 4930 mirabilem
3281 4857 3624 4933 canalium

2989 4977 3092 5052 2*
