<?xml version="1.0" encoding="UTF-8"?>
<!DOCTYPE html PUBLIC "-//W3C//DTD XHTML 1.0 Transitional//EN"
    "http://www.w3.org/TR/xhtml1/DTD/xhtml1-transitional.dtd">
<html xmlns="http://www.w3.org/1999/xhtml" xml:lang="en" lang="en">
 <head>
  <title>
</title>
<meta http-equiv="Content-Type" content="text/html;charset=utf-8" />
  <meta name='ocr-system' content='tesseract 3.04.00' />
  <meta name='ocr-capabilities' content='ocr_page ocr_carea ocr_par ocr_line ocrx_word'/>
</head>
<body>
  <div class='ocr_page' id='page_1' title='image "annalesacademic37unkngoog_0252.png"; bbox 0 0 4934 6184; ppageno 0'>
   <div class='ocr_carea' id='block_1_1' title="bbox 1213 647 3528 752">
    <p class='ocr_par' dir='ltr' id='par_1_1' title="bbox 1213 647 3528 752">
     <span class='ocr_line' id='line_1_1' title="bbox 1213 647 3528 752; baseline -0.005 -22"><span class='ocrx_word' id='word_1_1' title='bbox 1213 747 1220 752; x_wconf 41' lang='lat'>‚</span> <span class='ocrx_word' id='word_1_2' title='bbox 1313 659 1446 730; x_wconf 74' lang='lat'><strong>242</strong></span> <span class='ocrx_word' id='word_1_3' title='bbox 2139 651 2208 722; x_wconf 89' lang='lat' dir='ltr'><strong>c.</strong></span> <span class='ocrx_word' id='word_1_4' title='bbox 2279 651 2360 720; x_wconf 77' lang='lat' dir='ltr'><strong>n.</strong></span> <span class='ocrx_word' id='word_1_5' title='bbox 2427 649 3016 723; x_wconf 64' lang='lat' dir='ltr'><strong>rancun</strong></span> <span class='ocrx_word' id='word_1_6' title='bbox 3082 647 3528 718; x_wconf 67' lang='lat' dir='ltr'><strong>osuio.</strong></span> 
     </span>
    </p>
   </div>
   <div class='ocr_carea' id='block_1_2' title="bbox 1289 853 4352 4920">
    <p class='ocr_par' dir='ltr' id='par_1_2' title="bbox 1289 853 4352 2764">
     <span class='ocr_line' id='line_1_2' title="bbox 1402 853 4351 957; baseline -0.002 -17"><span class='ocrx_word' id='word_1_7' title='bbox 1402 862 1521 940; x_wconf 86' lang='lat' dir='ltr'><strong>Ad</strong></span> <span class='ocrx_word' id='word_1_8' title='bbox 1571 885 1692 938; x_wconf 87' lang='lat' dir='ltr'><strong>vos</strong></span> <span class='ocrx_word' id='word_1_9' title='bbox 1733 883 1884 936; x_wconf 85' lang='lat' dir='ltr'><strong>sese</strong></span> <span class='ocrx_word' id='word_1_10' title='bbox 1929 881 2086 935; x_wconf 83' lang='lat' dir='ltr'><strong>mea</strong></span> <span class='ocrx_word' id='word_1_11' title='bbox 2121 863 2476 936; x_wconf 83' lang='lat' dir='ltr'><strong>convertat</strong></span> <span class='ocrx_word' id='word_1_12' title='bbox 2510 858 2729 936; x_wconf 83' lang='lat' dir='ltr'><strong>oratio</strong></span> <span class='ocrx_word' id='word_1_13' title='bbox 2748 917 2769 949; x_wconf 90' lang='lat'><em>,</em></span> <span class='ocrx_word' id='word_1_14' title='bbox 2812 856 2964 934; x_wconf 87' lang='lat' dir='ltr'><strong>Viri</strong></span> <span class='ocrx_word' id='word_1_15' title='bbox 3002 857 3421 947; x_wconf 85' lang='lat' dir='ltr'><strong>Clarissimi,</strong></span> <span class='ocrx_word' id='word_1_16' title='bbox 3464 855 3657 934; x_wconf 86' lang='lat' dir='ltr'><strong>omni</strong></span> <span class='ocrx_word' id='word_1_17' title='bbox 3698 879 3951 957; x_wconf 82' lang='lat' dir='ltr'>genere</span> <span class='ocrx_word' id='word_1_18' title='bbox 3998 853 4351 933; x_wconf 85' lang='lat' dir='ltr'><strong>doctrinae</strong></span> 
     </span>
     <span class='ocr_line' id='line_1_3' title="bbox 1301 975 4348 1085; baseline -0.003 -24"><span class='ocrx_word' id='word_1_19' title='bbox 1301 981 1658 1085; x_wconf 77' lang='lat' dir='ltr'><strong>conspicui</strong></span> <span class='ocrx_word' id='word_1_20' title='bbox 1671 1031 1694 1072; x_wconf 91' lang='lat'><strong>,</strong></span> <span class='ocrx_word' id='word_1_21' title='bbox 1735 1005 1912 1081; x_wconf 90' lang='lat' dir='ltr'><strong>quos</strong></span> <span class='ocrx_word' id='word_1_22' title='bbox 1951 978 2096 1056; x_wconf 88' lang='lat' dir='ltr'><strong>iam</strong></span> <span class='ocrx_word' id='word_1_23' title='bbox 2140 979 2436 1080; x_wconf 80' lang='lat' dir='ltr'><strong>collegas</strong></span> <span class='ocrx_word' id='word_1_24' title='bbox 2480 980 2825 1080; x_wconf 89' lang='lat' dir='ltr'><strong>appellare</strong></span> <span class='ocrx_word' id='word_1_25' title='bbox 2864 979 3039 1056; x_wconf 89' lang='lat' dir='ltr'><strong>mihi</strong></span> <span class='ocrx_word' id='word_1_26' title='bbox 3080 978 3442 1079; x_wconf 83' lang='lat' dir='ltr'><strong>contingit.</strong></span> <span class='ocrx_word' id='word_1_27' title='bbox 3542 978 3633 1052; x_wconf 92' lang='lat' dir='ltr'><strong>In</strong></span> <span class='ocrx_word' id='word_1_28' title='bbox 3670 975 3894 1052; x_wconf 81' lang='lat' dir='ltr'>Vobis</span> <span class='ocrx_word' id='word_1_29' title='bbox 3932 1000 4157 1076; x_wconf 85' lang='lat' dir='ltr'><strong>quum</strong></span> <span class='ocrx_word' id='word_1_30' title='bbox 4194 977 4348 1075; x_wconf 88' lang='lat' dir='ltr'><strong>plu·</strong></span> 
     </span>
     <span class='ocr_line' id='line_1_4' title="bbox 1301 1095 4349 1199; baseline -0.002 -21"><span class='ocrx_word' id='word_1_31' title='bbox 1301 1127 1412 1178; x_wconf 88' lang='lat' dir='ltr'><strong>res</strong></span> <span class='ocrx_word' id='word_1_32' title='bbox 1463 1098 1881 1199; x_wconf 80' lang='lat' dir='ltr'><strong>conspiciam</strong></span> <span class='ocrx_word' id='word_1_33' title='bbox 1927 1097 2242 1174; x_wconf 89' lang='lat' dir='ltr'><strong>eiusdem</strong></span> <span class='ocrx_word' id='word_1_34' title='bbox 2301 1097 2727 1174; x_wconf 85' lang='lat' dir='ltr'><strong>Traiectinae</strong></span> <span class='ocrx_word' id='word_1_35' title='bbox 2780 1099 3051 1175; x_wconf 88' lang='lat' dir='ltr'><strong>scholae</strong></span> <span class='ocrx_word' id='word_1_36' title='bbox 3104 1099 3427 1174; x_wconf 85' lang='lat' dir='ltr'><strong>alumnos</strong></span> <span class='ocrx_word' id='word_1_37' title='bbox 3440 1155 3465 1188; x_wconf 88' lang='lat'><em>,</em></span> <span class='ocrx_word' id='word_1_38' title='bbox 3528 1105 3775 1198; x_wconf 83' lang='lat' dir='ltr'><strong>sponte</strong></span> <span class='ocrx_word' id='word_1_39' title='bbox 3836 1095 4055 1172; x_wconf 84' lang='lat' dir='ltr'><strong>oculis</strong></span> <span class='ocrx_word' id='word_1_40' title='bbox 4112 1095 4349 1172; x_wconf 85' lang='lat' dir='ltr'><strong>obver-</strong></span> 
     </span>
     <span class='ocr_line' id='line_1_5' title="bbox 1301 1216 4341 1319; baseline -0.001 -21"><span class='ocrx_word' id='word_1_41' title='bbox 1301 1227 1494 1298; x_wconf 87' lang='lat' dir='ltr'><strong>satur</strong></span> <span class='ocrx_word' id='word_1_42' title='bbox 1533 1219 1749 1296; x_wconf 80' lang='lat' dir='ltr'><strong>Pnn..</strong></span> <span class='ocrx_word' id='word_1_43' title='bbox 1785 1217 2358 1296; x_wconf 74' lang='lat' dir='ltr'><strong>Gurn.H1;usn11</strong></span> <span class='ocrx_word' id='word_1_44' title='bbox 2391 1218 2917 1318; x_wconf 76' lang='lat' dir='ltr'><strong>praeclarissimi</strong></span> <span class='ocrx_word' id='word_1_45' title='bbox 2965 1218 3093 1294; x_wconf 87' lang='lat' dir='ltr'><strong>viri</strong></span> <span class='ocrx_word' id='word_1_46' title='bbox 3118 1217 3385 1319; x_wconf 86' lang='lat' dir='ltr'><strong>imago;</strong></span> <span class='ocrx_word' id='word_1_47' title='bbox 3426 1216 3625 1294; x_wconf 85' lang='lat' dir='ltr'><strong>cuius</strong></span> <span class='ocrx_word' id='word_1_48' title='bbox 3674 1217 3809 1292; x_wconf 88' lang='lat' dir='ltr'><strong>etsi</strong></span> <span class='ocrx_word' id='word_1_49' title='bbox 3848 1217 4341 1317; x_wconf 73' lang='lat' dir='ltr'><strong>praestantiam</strong></span> 
     </span>
     <span class='ocr_line' id='line_1_6' title="bbox 1299 1335 4346 1440; baseline -0.002 -22"><span class='ocrx_word' id='word_1_50' title='bbox 1299 1341 1495 1418; x_wconf 90' lang='lat' dir='ltr'><strong>vobis</strong></span> <span class='ocrx_word' id='word_1_51' title='bbox 1569 1339 1834 1415; x_wconf 89' lang='lat' dir='ltr'><strong>diutius</strong></span> <span class='ocrx_word' id='word_1_52' title='bbox 1903 1337 2288 1440; x_wconf 87' lang='lat' dir='ltr'><strong>perspicere</strong></span> <span class='ocrx_word' id='word_1_53' title='bbox 2368 1345 2442 1413; x_wconf 89' lang='lat' dir='ltr'><strong>et</strong></span> <span class='ocrx_word' id='word_1_54' title='bbox 2514 1337 2810 1439; x_wconf 88' lang='lat' dir='ltr'><strong>experiri</strong></span> <span class='ocrx_word' id='word_1_55' title='bbox 2880 1361 3094 1438; x_wconf 85' lang='lat' dir='ltr'><strong>quam</strong></span> <span class='ocrx_word' id='word_1_56' title='bbox 3164 1337 3339 1414; x_wconf 91' lang='lat' dir='ltr'><strong>mihi</strong></span> <span class='ocrx_word' id='word_1_57' title='bbox 3403 1335 3649 1412; x_wconf 88' lang='lat' dir='ltr'><strong>datum</strong></span> <span class='ocrx_word' id='word_1_58' title='bbox 3714 1336 3885 1426; x_wconf 82' lang='lat' dir='ltr'><strong>fuit,</strong></span> <span class='ocrx_word' id='word_1_59' title='bbox 3934 1361 4070 1436; x_wconf 82' lang='lat' dir='ltr'><strong>ego</strong></span> <span class='ocrx_word' id='word_1_60' title='bbox 4117 1347 4346 1414; x_wconf 90' lang='lat' dir='ltr'><strong>tamen</strong></span> 
     </span>
     <span class='ocr_line' id='line_1_7' title="bbox 1298 1457 4344 1560; baseline -0 -23"><span class='ocrx_word' id='word_1_61' title='bbox 1298 1461 1704 1538; x_wconf 86' lang='lat' dir='ltr'><strong>memoriam</strong></span> <span class='ocrx_word' id='word_1_62' title='bbox 1751 1483 2117 1560; x_wconf 86' lang='lat' dir='ltr'><strong>nunquam</strong></span> <span class='ocrx_word' id='word_1_63' title='bbox 2161 1483 2248 1534; x_wconf 82' lang='lat' dir='ltr'><strong>ex</strong></span> <span class='ocrx_word' id='word_1_64' title='bbox 2289 1457 2525 1534; x_wconf 91' lang='lat' dir='ltr'><strong>animo</strong></span> <span class='ocrx_word' id='word_1_65' title='bbox 2565 1459 2930 1560; x_wconf 87' lang='lat' dir='ltr'><strong>deponam.</strong></span> <span class='ocrx_word' id='word_1_66' title='bbox 3028 1460 3255 1550; x_wconf 87' lang='lat' dir='ltr'><strong>Quem</strong></span> <span class='ocrx_word' id='word_1_67' title='bbox 3300 1457 3574 1558; x_wconf 88' lang='lat' dir='ltr'><strong>quoties</strong></span> <span class='ocrx_word' id='word_1_68' title='bbox 3614 1458 3934 1537; x_wconf 88' lang='lat' dir='ltr'><strong>recordor</strong></span> <span class='ocrx_word' id='word_1_69' title='bbox 3952 1515 3973 1547; x_wconf 87' lang='lat'>,</span> <span class='ocrx_word' id='word_1_70' title='bbox 4017 1459 4344 1558; x_wconf 78' lang='lat' dir='ltr'><strong>antiquae</strong></span> 
     </span>
     <span class='ocr_line' id='line_1_8' title="bbox 1297 1577 4348 1678; baseline -0.001 -21"><span class='ocrx_word' id='word_1_71' title='bbox 1297 1581 1754 1658; x_wconf 86' lang='lat' dir='ltr'><strong>humanitatis</strong></span> <span class='ocrx_word' id='word_1_72' title='bbox 1793 1588 1866 1656; x_wconf 90' lang='lat' dir='ltr'><strong>et</strong></span> <span class='ocrx_word' id='word_1_73' title='bbox 1909 1579 2320 1655; x_wconf 89' lang='lat' dir='ltr'><strong>eruditionis</strong></span> <span class='ocrx_word' id='word_1_74' title='bbox 2361 1581 2659 1678; x_wconf 88' lang='lat' dir='ltr'><strong>speciem</strong></span> <span class='ocrx_word' id='word_1_75' title='bbox 2708 1578 2885 1656; x_wconf 91' lang='lat' dir='ltr'><strong>mihi</strong></span> <span class='ocrx_word' id='word_1_76' title='bbox 2938 1578 3197 1654; x_wconf 87' lang='lat' dir='ltr'><strong>intueri</strong></span> <span class='ocrx_word' id='word_1_77' title='bbox 3246 1578 3505 1656; x_wconf 90' lang='lat' dir='ltr'><strong>videor.</strong></span> <span class='ocrx_word' id='word_1_78' title='bbox 3570 1577 3747 1654; x_wconf 88' lang='lat' dir='ltr'><strong>Eius</strong></span> <span class='ocrx_word' id='word_1_79' title='bbox 3791 1577 3937 1654; x_wconf 88' lang='lat' dir='ltr'><strong>filio</strong></span> <span class='ocrx_word' id='word_1_80' title='bbox 3980 1603 4169 1654; x_wconf 85' lang='lat' dir='ltr'><strong>nunc</strong></span> <span class='ocrx_word' id='word_1_81' title='bbox 4220 1581 4348 1654; x_wconf 90' lang='lat' dir='ltr'><strong>ite·</strong></span> 
     </span>
     <span class='ocr_line' id='line_1_9' title="bbox 1303 1697 4349 1801; baseline -0.001 -23"><span class='ocrx_word' id='word_1_82' title='bbox 1303 1728 1461 1778; x_wconf 91' lang='lat' dir='ltr'><strong>rum</strong></span> <span class='ocrx_word' id='word_1_83' title='bbox 1505 1702 1842 1790; x_wconf 91' lang='lat' dir='ltr'><strong>succedo;</strong></span> <span class='ocrx_word' id='word_1_84' title='bbox 1885 1699 2008 1801; x_wconf 91' lang='lat' dir='ltr'><strong>qui</strong></span> <span class='ocrx_word' id='word_1_85' title='bbox 2063 1699 2254 1800; x_wconf 89' lang='lat' dir='ltr'><strong>quod</strong></span> <span class='ocrx_word' id='word_1_86' title='bbox 2292 1723 2432 1774; x_wconf 88' lang='lat' dir='ltr'><strong>non</strong></span> <span class='ocrx_word' id='word_1_87' title='bbox 2465 1699 2677 1775; x_wconf 84' lang='lat' dir='ltr'><strong>simili</strong></span> <span class='ocrx_word' id='word_1_88' title='bbox 2704 1701 2793 1776; x_wconf 94' lang='lat' dir='ltr'><strong>de</strong></span> <span class='ocrx_word' id='word_1_89' title='bbox 2840 1724 3085 1788; x_wconf 86' lang='lat' dir='ltr'><strong>causa,</strong></span> <span class='ocrx_word' id='word_1_90' title='bbox 3126 1724 3269 1798; x_wconf 89' lang='lat' dir='ltr'><strong>qua</strong></span> <span class='ocrx_word' id='word_1_91' title='bbox 3311 1705 3473 1776; x_wconf 87' lang='lat' dir='ltr'><strong>ante</strong></span> <span class='ocrx_word' id='word_1_92' title='bbox 3508 1697 3637 1775; x_wconf 87' lang='lat' dir='ltr'><strong>hos</strong></span> <span class='ocrx_word' id='word_1_93' title='bbox 3662 1707 3817 1775; x_wconf 89' lang='lat' dir='ltr'><strong>octo</strong></span> <span class='ocrx_word' id='word_1_94' title='bbox 3840 1723 4059 1774; x_wconf 89' lang='lat' dir='ltr'><strong>annos</strong></span> <span class='ocrx_word' id='word_1_95' title='bbox 4078 1757 4099 1789; x_wconf 86' lang='lat'>‚</span> <span class='ocrx_word' id='word_1_96' title='bbox 4127 1724 4349 1800; x_wconf 92' lang='lat' dir='ltr'><strong>quum</strong></span> 
     </span>
     <span class='ocr_line' id='line_1_10' title="bbox 1301 1819 4352 1924; baseline -0.001 -26"><span class='ocrx_word' id='word_1_97' title='bbox 1301 1823 1392 1898; x_wconf 88' lang='lat' dir='ltr'><strong>ad</strong></span> <span class='ocrx_word' id='word_1_98' title='bbox 1429 1822 1690 1898; x_wconf 88' lang='lat' dir='ltr'><strong>maiora</strong></span> <span class='ocrx_word' id='word_1_99' title='bbox 1737 1828 2092 1898; x_wconf 87' lang='lat' dir='ltr'><strong>vocaretur</strong></span> <span class='ocrx_word' id='word_1_100' title='bbox 2109 1878 2130 1910; x_wconf 87' lang='lat'>,</span> <span class='ocrx_word' id='word_1_101' title='bbox 2178 1819 2410 1896; x_wconf 90' lang='lat' dir='ltr'><strong>locum</strong></span> <span class='ocrx_word' id='word_1_102' title='bbox 2449 1820 2627 1896; x_wconf 91' lang='lat' dir='ltr'><strong>mihi</strong></span> <span class='ocrx_word' id='word_1_103' title='bbox 2676 1821 2919 1911; x_wconf 84' lang='lat' dir='ltr'><strong>cessit,</strong></span> <span class='ocrx_word' id='word_1_104' title='bbox 2974 1821 3099 1896; x_wconf 88' lang='lat' dir='ltr'><strong>sed</strong></span> <span class='ocrx_word' id='word_1_105' title='bbox 3138 1819 3459 1924; x_wconf 64' lang='lat' dir='ltr'><strong>publicae</strong></span> <span class='ocrx_word' id='word_1_106' title='bbox 3506 1819 3895 1898; x_wconf 86' lang='lat' dir='ltr'><strong>litterarum</strong></span> <span class='ocrx_word' id='word_1_107' title='bbox 3946 1819 4352 1919; x_wconf 83' lang='lat' dir='ltr'><strong>professioni</strong></span> 
     </span>
     <span class='ocr_line' id='line_1_11' title="bbox 1302 1939 4348 2040; baseline 0 -22"><span class='ocrx_word' id='word_1_108' title='bbox 1302 1944 1512 2019; x_wconf 90' lang='lat' dir='ltr'><strong>simul</strong></span> <span class='ocrx_word' id='word_1_109' title='bbox 1549 1952 1622 2018; x_wconf 90' lang='lat' dir='ltr'><strong>et</strong></span> <span class='ocrx_word' id='word_1_110' title='bbox 1662 1943 1825 2018; x_wconf 87' lang='lat' dir='ltr'><strong>huie</strong></span> <span class='ocrx_word' id='word_1_111' title='bbox 1861 1939 2281 2018; x_wconf 84' lang='lat' dir='ltr'><strong>Academiae</strong></span> <span class='ocrx_word' id='word_1_112' title='bbox 2315 1940 2681 2030; x_wconf 82' lang='lat' dir='ltr'><strong>valedixit,</strong></span> <span class='ocrx_word' id='word_1_113' title='bbox 2723 1941 2895 2016; x_wconf 89' lang='lat' dir='ltr'><strong>dum</strong></span> <span class='ocrx_word' id='word_1_114' title='bbox 2937 1941 3126 2017; x_wconf 90' lang='lat' dir='ltr'><strong>dolet</strong></span> <span class='ocrx_word' id='word_1_115' title='bbox 3164 1941 3441 2016; x_wconf 89' lang='lat' dir='ltr'><strong>animus</strong></span> <span class='ocrx_word' id='word_1_116' title='bbox 3458 1997 3479 2029; x_wconf 87' lang='lat'>,</span> <span class='ocrx_word' id='word_1_117' title='bbox 3532 1965 3731 2038; x_wconf 89' lang='lat' dir='ltr'><strong>spero</strong></span> <span class='ocrx_word' id='word_1_118' title='bbox 3766 1948 4002 2017; x_wconf 89' lang='lat' dir='ltr'><strong>tamen</strong></span> <span class='ocrx_word' id='word_1_119' title='bbox 4036 1948 4107 2017; x_wconf 88' lang='lat' dir='ltr'><strong>et</strong></span> <span class='ocrx_word' id='word_1_120' title='bbox 4140 1949 4309 2040; x_wconf 92' lang='lat' dir='ltr'><strong>opto</strong></span> <span class='ocrx_word' id='word_1_121' title='bbox 4329 2000 4348 2030; x_wconf 91' lang='lat'><em>,</em></span> 
     </span>
     <span class='ocr_line' id='line_1_12' title="bbox 1298 2058 4349 2162; baseline -0.001 -24"><span class='ocrx_word' id='word_1_122' title='bbox 1298 2071 1382 2138; x_wconf 91' lang='lat' dir='ltr'><strong>ut</strong></span> <span class='ocrx_word' id='word_1_123' title='bbox 1423 2063 1707 2162; x_wconf 88' lang='lat' dir='ltr'><strong>privatis</strong></span> <span class='ocrx_word' id='word_1_124' title='bbox 1755 2060 2008 2136; x_wconf 89' lang='lat' dir='ltr'><strong>studiis</strong></span> <span class='ocrx_word' id='word_1_125' title='bbox 2051 2060 2316 2135; x_wconf 79' lang='lat' dir='ltr'><strong>litteras</strong></span> <span class='ocrx_word' id='word_1_126' title='bbox 2355 2084 2520 2136; x_wconf 86' lang='lat' dir='ltr'><strong>suas</strong></span> <span class='ocrx_word' id='word_1_127' title='bbox 2546 2061 2889 2136; x_wconf 84' lang='lat' dir='ltr'><strong>illustrare</strong></span> <span class='ocrx_word' id='word_1_128' title='bbox 2914 2067 3180 2160; x_wconf 80' lang='lat' dir='ltr'><strong>pergat.</strong></span> <span class='ocrx_word' id='word_1_129' title='bbox 3252 2058 3431 2136; x_wconf 90' lang='lat' dir='ltr'><strong>Aliis</strong></span> <span class='ocrx_word' id='word_1_130' title='bbox 3453 2060 3672 2160; x_wconf 89' lang='lat' dir='ltr'><strong>igitur</strong></span> <span class='ocrx_word' id='word_1_131' title='bbox 3692 2067 3995 2136; x_wconf 84' lang='lat' dir='ltr'><strong>vestrum</strong></span> <span class='ocrx_word' id='word_1_132' title='bbox 4020 2061 4349 2138; x_wconf 68' lang='lat' dir='ltr'><strong>Hausnn</strong></span> 
     </span>
     <span class='ocr_line' id='line_1_13' title="bbox 1295 2179 4339 2270; baseline 0 -14"><span class='ocrx_word' id='word_1_133' title='bbox 1295 2182 1632 2256; x_wconf 89' lang='lat' dir='ltr'><strong>memoria</strong></span> <span class='ocrx_word' id='word_1_134' title='bbox 1684 2205 1796 2255; x_wconf 90' lang='lat' dir='ltr'><strong>me</strong></span> <span class='ocrx_word' id='word_1_135' title='bbox 1836 2179 2128 2254; x_wconf 83' lang='lat' dir='ltr'><strong>fortasse</strong></span> <span class='ocrx_word' id='word_1_136' title='bbox 2173 2179 2603 2270; x_wconf 89' lang='lat' dir='ltr'><strong>conciliabit,</strong></span> <span class='ocrx_word' id='word_1_137' title='bbox 2646 2180 2800 2256; x_wconf 87' lang='lat' dir='ltr'><strong>aliis</strong></span> <span class='ocrx_word' id='word_1_138' title='bbox 2836 2181 3067 2256; x_wconf 90' lang='lat' dir='ltr'><strong>affinia</strong></span> <span class='ocrx_word' id='word_1_139' title='bbox 3106 2188 3231 2256; x_wconf 89' lang='lat' dir='ltr'><strong>aut</strong></span> <span class='ocrx_word' id='word_1_140' title='bbox 3272 2180 3525 2256; x_wconf 88' lang='lat' dir='ltr'><strong>similia</strong></span> <span class='ocrx_word' id='word_1_141' title='bbox 3544 2179 3809 2270; x_wconf 86' lang='lat' dir='ltr'><strong>studia;</strong></span> <span class='ocrx_word' id='word_1_142' title='bbox 3849 2189 4071 2257; x_wconf 88' lang='lat' dir='ltr'><strong>vestra</strong></span> <span class='ocrx_word' id='word_1_143' title='bbox 4106 2189 4339 2256; x_wconf 89' lang='lat' dir='ltr'><strong>tamen</strong></span> 
     </span>
     <span class='ocr_line' id='line_1_14' title="bbox 1294 2297 4338 2400; baseline 0.001 -24"><span class='ocrx_word' id='word_1_144' title='bbox 1294 2301 1610 2376; x_wconf 90' lang='lat' dir='ltr'><strong>omnium</strong></span> <span class='ocrx_word' id='word_1_145' title='bbox 1653 2324 1874 2399; x_wconf 90' lang='lat' dir='ltr'><strong>quum</strong></span> <span class='ocrx_word' id='word_1_146' title='bbox 1909 2297 2088 2372; x_wconf 89' lang='lat' dir='ltr'><strong>nihil</strong></span> <span class='ocrx_word' id='word_1_147' title='bbox 2121 2298 2346 2398; x_wconf 85' lang='lat' dir='ltr'><strong>magis</strong></span> <span class='ocrx_word' id='word_1_148' title='bbox 2385 2299 2698 2389; x_wconf 88' lang='lat' dir='ltr'><strong>intersit,</strong></span> <span class='ocrx_word' id='word_1_149' title='bbox 2743 2325 2958 2400; x_wconf 89' lang='lat' dir='ltr'><strong>quam</strong></span> <span class='ocrx_word' id='word_1_150' title='bbox 3010 2310 3093 2375; x_wconf 90' lang='lat' dir='ltr'><strong>ut</strong></span> <span class='ocrx_word' id='word_1_151' title='bbox 3130 2301 3302 2376; x_wconf 89' lang='lat' dir='ltr'><strong>haec</strong></span> <span class='ocrx_word' id='word_1_152' title='bbox 3336 2301 3720 2377; x_wconf 89' lang='lat' dir='ltr'><strong>Academia</strong></span> <span class='ocrx_word' id='word_1_153' title='bbox 3754 2301 3991 2378; x_wconf 89' lang='lat' dir='ltr'><strong>floreat</strong></span> <span class='ocrx_word' id='word_1_154' title='bbox 4026 2327 4165 2377; x_wconf 92' lang='lat' dir='ltr'><strong>non</strong></span> <span class='ocrx_word' id='word_1_155' title='bbox 4204 2303 4338 2378; x_wconf 87' lang='lat' dir='ltr'><strong>mi·</strong></span> 
     </span>
     <span class='ocr_line' id='line_1_15' title="bbox 1295 2420 4339 2522; baseline -0.001 -24"><span class='ocrx_word' id='word_1_156' title='bbox 1295 2446 1432 2498; x_wconf 89' lang='lat' dir='ltr'><strong>nus</strong></span> <span class='ocrx_word' id='word_1_157' title='bbox 1473 2420 1898 2522; x_wconf 84' lang='lat' dir='ltr'><strong>praestantia</strong></span> <span class='ocrx_word' id='word_1_158' title='bbox 1939 2442 2485 2518; x_wconf 64' lang='lat' dir='ltr'><strong>quannumero</strong></span> <span class='ocrx_word' id='word_1_159' title='bbox 2522 2420 3019 2522; x_wconf 88' lang='lat' dir='ltr'><strong>discipulorum</strong></span> <span class='ocrx_word' id='word_1_160' title='bbox 3036 2478 3057 2510; x_wconf 86' lang='lat'>,</span> <span class='ocrx_word' id='word_1_161' title='bbox 3100 2420 3417 2497; x_wconf 90' lang='lat' dir='ltr'><strong>studium</strong></span> <span class='ocrx_word' id='word_1_162' title='bbox 3436 2421 3511 2496; x_wconf 87' lang='lat' dir='ltr'><strong>in</strong></span> <span class='ocrx_word' id='word_1_163' title='bbox 3542 2421 3899 2498; x_wconf 86' lang='lat' dir='ltr'><strong>communi</strong></span> <span class='ocrx_word' id='word_1_164' title='bbox 3916 2420 4033 2498; x_wconf 87' lang='lat' dir='ltr'><strong>illa</strong></span> <span class='ocrx_word' id='word_1_165' title='bbox 4063 2429 4339 2498; x_wconf 89' lang='lat' dir='ltr'><strong>conten-</strong></span> 
     </span>
     <span class='ocr_line' id='line_1_16' title="bbox 1293 2539 4346 2652; baseline -0 -35"><span class='ocrx_word' id='word_1_166' title='bbox 1293 2543 1482 2617; x_wconf 87' lang='lat' dir='ltr'><strong>tione</strong></span> <span class='ocrx_word' id='word_1_167' title='bbox 1521 2547 1870 2620; x_wconf 85' lang='lat' dir='ltr'><strong>versatum</strong></span> <span class='ocrx_word' id='word_1_168' title='bbox 1903 2539 2220 2616; x_wconf 89' lang='lat' dir='ltr'><strong>omnium</strong></span> <span class='ocrx_word' id='word_1_169' title='bbox 2258 2539 2607 2616; x_wconf 89' lang='lat' dir='ltr'><strong>artissimo</strong></span> <span class='ocrx_word' id='word_1_170' title='bbox 2647 2565 2777 2618; x_wconf 90' lang='lat' dir='ltr'><strong>nos</strong></span> <span class='ocrx_word' id='word_1_171' title='bbox 2810 2541 3060 2652; x_wconf 81' lang='lat' dir='ltr'><strong>iunget</strong></span> <span class='ocrx_word' id='word_1_172' title='bbox 3084 2542 3379 2618; x_wconf 87' lang='lat' dir='ltr'><strong>vincu10.</strong></span> <span class='ocrx_word' id='word_1_173' title='bbox 3432 2542 3649 2622; x_wconf 81' lang='lat' dir='ltr'><strong>Quod</strong></span> <span class='ocrx_word' id='word_1_174' title='bbox 3682 2543 3856 2617; x_wconf 89' lang='lat' dir='ltr'><strong>dum</strong></span> <span class='ocrx_word' id='word_1_175' title='bbox 3890 2549 4139 2641; x_wconf 86' lang='lat' dir='ltr'><strong>expeto</strong></span> <span class='ocrx_word' id='word_1_176' title='bbox 4154 2601 4175 2630; x_wconf 89' lang='lat'>,</span> <span class='ocrx_word' id='word_1_177' title='bbox 4210 2566 4346 2618; x_wconf 91' lang='lat' dir='ltr'><strong>non</strong></span> 
     </span>
     <span class='ocr_line' id='line_1_17' title="bbox 1289 2659 4295 2764; baseline 0 -26"><span class='ocrx_word' id='word_1_178' title='bbox 1289 2667 1570 2738; x_wconf 88' lang='lat' dir='ltr'><strong>tantum</strong></span> <span class='ocrx_word' id='word_1_179' title='bbox 1603 2667 1688 2735; x_wconf 89' lang='lat' dir='ltr'><strong>ut</strong></span> <span class='ocrx_word' id='word_1_180' title='bbox 1725 2660 2020 2760; x_wconf 85' lang='lat' dir='ltr'><strong>collegas</strong></span> <span class='ocrx_word' id='word_1_181' title='bbox 2052 2659 2200 2735; x_wconf 87' lang='lat' dir='ltr'><strong>Vos</strong></span> <span class='ocrx_word' id='word_1_182' title='bbox 2233 2660 2359 2735; x_wconf 87' lang='lat' dir='ltr'><strong>sed</strong></span> <span class='ocrx_word' id='word_1_183' title='bbox 2395 2660 2609 2736; x_wconf 89' lang='lat' dir='ltr'><strong>etiam</strong></span> <span class='ocrx_word' id='word_1_184' title='bbox 2644 2661 2903 2738; x_wconf 88' lang='lat' dir='ltr'><strong>amicos</strong></span> <span class='ocrx_word' id='word_1_185' title='bbox 2946 2661 3241 2738; x_wconf 88' lang='lat' dir='ltr'><strong>habeam</strong></span> <span class='ocrx_word' id='word_1_186' title='bbox 3277 2663 3758 2764; x_wconf 83' lang='lat' dir='ltr'><strong>gratissimum</strong></span> <span class='ocrx_word' id='word_1_187' title='bbox 3796 2661 3973 2738; x_wconf 90' lang='lat' dir='ltr'><strong>mihi</strong></span> <span class='ocrx_word' id='word_1_188' title='bbox 4012 2662 4295 2738; x_wconf 88' lang='lat' dir='ltr'><strong>accidet.</strong></span> 
     </span>
    </p>

    <p class='ocr_par' dir='ltr' id='par_1_3' title="bbox 1289 2781 4347 4208">
     <span class='ocr_line' id='line_1_18' title="bbox 1391 2781 4347 2884; baseline 0 -29"><span class='ocrx_word' id='word_1_189' title='bbox 1391 2782 1641 2857; x_wconf 90' lang='lat' dir='ltr'><strong>Vestra</strong></span> <span class='ocrx_word' id='word_1_190' title='bbox 1693 2805 1932 2869; x_wconf 87' lang='lat' dir='ltr'><strong>causa,</strong></span> <span class='ocrx_word' id='word_1_191' title='bbox 1979 2781 2285 2857; x_wconf 87' lang='lat' dir='ltr'><strong>Iuvenes</strong></span> <span class='ocrx_word' id='word_1_192' title='bbox 2313 2781 2791 2872; x_wconf 80' lang='lat' dir='ltr'><strong>ornatissimi,</strong></span> <span class='ocrx_word' id='word_1_193' title='bbox 2846 2783 3260 2884; x_wconf 82' lang='lat' dir='ltr'><strong>suscipietur</strong></span> <span class='ocrx_word' id='word_1_194' title='bbox 3314 2783 3663 2884; x_wconf 90' lang='lat' dir='ltr'><strong>quidquid</strong></span> <span class='ocrx_word' id='word_1_195' title='bbox 3713 2782 3967 2860; x_wconf 88' lang='lat' dir='ltr'><strong>laboris</strong></span> <span class='ocrx_word' id='word_1_196' title='bbox 4014 2789 4088 2857; x_wconf 94' lang='lat' dir='ltr'><strong>et</strong></span> <span class='ocrx_word' id='word_1_197' title='bbox 4138 2781 4347 2857; x_wconf 87' lang='lat' dir='ltr'><strong>studii</strong></span> 
     </span>
     <span class='ocr_line' id='line_1_19' title="bbox 1292 2900 4346 3004; baseline 0 -27"><span class='ocrx_word' id='word_1_198' title='bbox 1292 2903 1718 3003; x_wconf 88' lang='lat' dir='ltr'><strong>impendam.</strong></span> <span class='ocrx_word' id='word_1_199' title='bbox 1817 2900 2038 2976; x_wconf 86' lang='lat' dir='ltr'><strong>Vobis</strong></span> <span class='ocrx_word' id='word_1_200' title='bbox 2083 2908 2166 2976; x_wconf 91' lang='lat' dir='ltr'><strong>ut</strong></span> <span class='ocrx_word' id='word_1_201' title='bbox 2209 2901 2468 3002; x_wconf 87' lang='lat' dir='ltr'><strong>prosim</strong></span> <span class='ocrx_word' id='word_1_202' title='bbox 2488 2961 2509 2990; x_wconf 90' lang='lat'>,</span> <span class='ocrx_word' id='word_1_203' title='bbox 2557 2903 2859 2979; x_wconf 84' lang='lat' dir='ltr'><strong>maxime</strong></span> <span class='ocrx_word' id='word_1_204' title='bbox 2896 2903 3073 2978; x_wconf 88' lang='lat' dir='ltr'><strong>mihi</strong></span> <span class='ocrx_word' id='word_1_205' title='bbox 3110 2904 3581 3004; x_wconf 89' lang='lat' dir='ltr'><strong>appetendum</strong></span> <span class='ocrx_word' id='word_1_206' title='bbox 3626 2905 3827 2980; x_wconf 88' lang='lat' dir='ltr'><strong>duco.</strong></span> <span class='ocrx_word' id='word_1_207' title='bbox 3900 2903 4115 3004; x_wconf 81' lang='lat' dir='ltr'><strong>Viget</strong></span> <span class='ocrx_word' id='word_1_208' title='bbox 4158 2903 4346 2978; x_wconf 87' lang='lat' dir='ltr'><strong>vobis</strong></span> 
     </span>
     <span class='ocr_line' id='line_1_20' title="bbox 1296 3022 4343 3124; baseline 0 -26"><span class='ocrx_word' id='word_1_209' title='bbox 1296 3030 1518 3111; x_wconf 79' lang='lat' dir='ltr'><strong>aetas3</strong></span> <span class='ocrx_word' id='word_1_210' title='bbox 1569 3022 1846 3097; x_wconf 90' lang='lat' dir='ltr'><strong>animus</strong></span> <span class='ocrx_word' id='word_1_211' title='bbox 1889 3023 2111 3098; x_wconf 85' lang='lat' dir='ltr'><strong>alacer</strong></span> <span class='ocrx_word' id='word_1_212' title='bbox 2158 3032 2230 3097; x_wconf 91' lang='lat' dir='ltr'><strong>et</strong></span> <span class='ocrx_word' id='word_1_213' title='bbox 2273 3023 2715 3124; x_wconf 88' lang='lat' dir='ltr'><strong>incorruptus</strong></span> <span class='ocrx_word' id='word_1_214' title='bbox 2764 3024 2856 3100; x_wconf 88' lang='lat' dir='ltr'><strong>ad</strong></span> <span class='ocrx_word' id='word_1_215' title='bbox 2901 3048 3141 3100; x_wconf 88' lang='lat' dir='ltr'><strong>verum</strong></span> <span class='ocrx_word' id='word_1_216' title='bbox 3188 3024 3695 3124; x_wconf 86' lang='lat' dir='ltr'><strong>exquirendum</strong></span> <span class='ocrx_word' id='word_1_217' title='bbox 3744 3023 3957 3098; x_wconf 91' lang='lat' dir='ltr'><strong>libere</strong></span> <span class='ocrx_word' id='word_1_218' title='bbox 4004 3030 4235 3122; x_wconf 88' lang='lat' dir='ltr'><strong>potest</strong></span> <span class='ocrx_word' id='word_1_219' title='bbox 4272 3023 4343 3098; x_wconf 89' lang='lat' dir='ltr'><strong>in</strong></span> 
     </span>
     <span class='ocr_line' id='line_1_21' title="bbox 1295 3142 4340 3244; baseline 0 -27"><span class='ocrx_word' id='word_1_220' title='bbox 1295 3143 1519 3242; x_wconf 88' lang='lat' dir='ltr'><strong>spatia</strong></span> <span class='ocrx_word' id='word_1_221' title='bbox 1563 3143 1914 3218; x_wconf 89' lang='lat' dir='ltr'><strong>doctrinae</strong></span> <span class='ocrx_word' id='word_1_222' title='bbox 1955 3166 2350 3232; x_wconf 83' lang='lat' dir='ltr'><strong>excurrere3</strong></span> <span class='ocrx_word' id='word_1_223' title='bbox 2395 3142 2853 3220; x_wconf 89' lang='lat' dir='ltr'><strong>laetissimum</strong></span> <span class='ocrx_word' id='word_1_224' title='bbox 2901 3143 3097 3219; x_wconf 87' lang='lat' dir='ltr'><strong>vobis</strong></span> <span class='ocrx_word' id='word_1_225' title='bbox 3138 3168 3463 3244; x_wconf 88' lang='lat' dir='ltr'><strong>campum</strong></span> <span class='ocrx_word' id='word_1_226' title='bbox 3503 3151 3823 3244; x_wconf 87' lang='lat' dir='ltr'><strong>apertum</strong></span> <span class='ocrx_word' id='word_1_227' title='bbox 3862 3143 4111 3218; x_wconf 85' lang='lat' dir='ltr'><strong>videtis</strong></span> <span class='ocrx_word' id='word_1_228' title='bbox 4123 3177 4142 3231; x_wconf 91' lang='lat'>;</span> <span class='ocrx_word' id='word_1_229' title='bbox 4179 3143 4340 3218; x_wconf 87' lang='lat' dir='ltr'><strong>sub·</strong></span> 
     </span>
     <span class='ocr_line' id='line_1_22' title="bbox 1289 3261 4342 3364; baseline 0 -28"><span class='ocrx_word' id='word_1_230' title='bbox 1289 3262 1468 3336; x_wconf 85' lang='lat' dir='ltr'><strong>sidia</strong></span> <span class='ocrx_word' id='word_1_231' title='bbox 1513 3272 1771 3360; x_wconf 87' lang='lat' dir='ltr'><strong>parata.</strong></span> <span class='ocrx_word' id='word_1_232' title='bbox 1846 3261 1986 3337; x_wconf 89' lang='lat' dir='ltr'><strong>Sed</strong></span> <span class='ocrx_word' id='word_1_233' title='bbox 2035 3263 2205 3338; x_wconf 88' lang='lat' dir='ltr'><strong>haec</strong></span> <span class='ocrx_word' id='word_1_234' title='bbox 2239 3261 2474 3338; x_wconf 89' lang='lat' dir='ltr'><strong>omnia</strong></span> <span class='ocrx_word' id='word_1_235' title='bbox 2513 3287 2763 3362; x_wconf 88' lang='lat' dir='ltr'><strong>parum</strong></span> <span class='ocrx_word' id='word_1_236' title='bbox 2800 3262 3083 3352; x_wconf 86' lang='lat' dir='ltr'><strong>iuvant,</strong></span> <span class='ocrx_word' id='word_1_237' title='bbox 3126 3264 3191 3338; x_wconf 89' lang='lat' dir='ltr'><strong>si</strong></span> <span class='ocrx_word' id='word_1_238' title='bbox 3218 3263 3566 3364; x_wconf 92' lang='lat' dir='ltr'><strong>quidquid</strong></span> <span class='ocrx_word' id='word_1_239' title='bbox 3586 3264 3890 3362; x_wconf 89' lang='lat' dir='ltr'><strong>primum</strong></span> <span class='ocrx_word' id='word_1_240' title='bbox 3918 3288 3995 3338; x_wconf 87' lang='lat' dir='ltr'><strong>se</strong></span> <span class='ocrx_word' id='word_1_241' title='bbox 4014 3263 4342 3338; x_wconf 88' lang='lat' dir='ltr'><strong>obtulerit</strong></span> 
     </span>
     <span class='ocr_line' id='line_1_23' title="bbox 1289 3379 4329 3483; baseline 0 -28"><span class='ocrx_word' id='word_1_242' title='bbox 1289 3379 1694 3477; x_wconf 84' lang='lat' dir='ltr'><strong>arripientes</strong></span> <span class='ocrx_word' id='word_1_243' title='bbox 1734 3381 1959 3478; x_wconf 84' lang='lat' dir='ltr'><strong>magis</strong></span> <span class='ocrx_word' id='word_1_244' title='bbox 1979 3382 2324 3478; x_wconf 88' lang='lat' dir='ltr'><strong>praesenti</strong></span> <span class='ocrx_word' id='word_1_245' title='bbox 2345 3382 2739 3457; x_wconf 86' lang='lat' dir='ltr'><strong>studiorum</strong></span> <span class='ocrx_word' id='word_1_246' title='bbox 2762 3383 3101 3483; x_wconf 87' lang='lat' dir='ltr'><strong>voluptati</strong></span> <span class='ocrx_word' id='word_1_247' title='bbox 3122 3382 3433 3459; x_wconf 86' lang='lat' dir='ltr'><strong>serviatis</strong></span> <span class='ocrx_word' id='word_1_248' title='bbox 3462 3409 3675 3483; x_wconf 88' lang='lat' dir='ltr'><strong>quam</strong></span> <span class='ocrx_word' id='word_1_249' title='bbox 3700 3383 3955 3458; x_wconf 84' lang='lat' dir='ltr'><strong>solidae</strong></span> <span class='ocrx_word' id='word_1_250' title='bbox 3980 3383 4329 3458; x_wconf 88' lang='lat' dir='ltr'><strong>scientiae.</strong></span> 
     </span>
     <span class='ocr_line' id='line_1_24' title="bbox 1289 3497 4327 3602; baseline 0 -24"><span class='ocrx_word' id='word_1_251' title='bbox 1289 3497 1632 3578; x_wconf 83' lang='lat' dir='ltr'><strong>Quocirca</strong></span> <span class='ocrx_word' id='word_1_252' title='bbox 1667 3498 1728 3574; x_wconf 86' lang='lat' dir='ltr'><strong>si</strong></span> <span class='ocrx_word' id='word_1_253' title='bbox 1765 3522 2004 3574; x_wconf 88' lang='lat' dir='ltr'><strong>meum</strong></span> <span class='ocrx_word' id='word_1_254' title='bbox 2037 3522 2348 3596; x_wconf 73' lang='lat' dir='ltr'><strong>usumin</strong></span> <span class='ocrx_word' id='word_1_255' title='bbox 2371 3507 2679 3576; x_wconf 89' lang='lat' dir='ltr'><strong>vestrum</strong></span> <span class='ocrx_word' id='word_1_256' title='bbox 2702 3501 3093 3578; x_wconf 89' lang='lat' dir='ltr'><strong>adhibeatis</strong></span> <span class='ocrx_word' id='word_1_257' title='bbox 3119 3505 3565 3580; x_wconf 86' lang='lat' dir='ltr'><strong>commodum</strong></span> <span class='ocrx_word' id='word_1_258' title='bbox 3583 3562 3604 3594; x_wconf 85' lang='lat'>‚</span> <span class='ocrx_word' id='word_1_259' title='bbox 3640 3505 3783 3578; x_wconf 85' lang='lat' dir='ltr'><strong>dux</strong></span> <span class='ocrx_word' id='word_1_260' title='bbox 3812 3526 3943 3602; x_wconf 84' lang='lat' dir='ltr'><strong>ego</strong></span> <span class='ocrx_word' id='word_1_261' title='bbox 3964 3502 4159 3578; x_wconf 85' lang='lat' dir='ltr'><strong>vobis</strong></span> <span class='ocrx_word' id='word_1_262' title='bbox 4188 3525 4327 3578; x_wconf 78' lang='lat' dir='ltr'><strong>ero,</strong></span> 
     </span>
     <span class='ocr_line' id='line_1_25' title="bbox 1289 3617 4327 3722; baseline 0 -28"><span class='ocrx_word' id='word_1_263' title='bbox 1289 3617 1602 3694; x_wconf 78' lang='lat' dir='ltr'><strong>Curretia</strong></span> <span class='ocrx_word' id='word_1_264' title='bbox 1637 3618 1810 3718; x_wconf 85' lang='lat' dir='ltr'><strong>ipsi;</strong></span> <span class='ocrx_word' id='word_1_265' title='bbox 1863 3643 2018 3692; x_wconf 89' lang='lat' dir='ltr'><strong>eam</strong></span> <span class='ocrx_word' id='word_1_266' title='bbox 2057 3643 2188 3718; x_wconf 80' lang='lat' dir='ltr'><strong>ego</strong></span> <span class='ocrx_word' id='word_1_267' title='bbox 2227 3622 2411 3696; x_wconf 88' lang='lat' dir='ltr'><strong>viam</strong></span> <span class='ocrx_word' id='word_1_268' title='bbox 2453 3623 3015 3700; x_wconf 88' lang='lat' dir='ltr'><strong>commonstrabo</strong></span> <span class='ocrx_word' id='word_1_269' title='bbox 3032 3681 3055 3712; x_wconf 85' lang='lat'><em>,</em></span> <span class='ocrx_word' id='word_1_270' title='bbox 3106 3647 3249 3722; x_wconf 86' lang='lat' dir='ltr'><strong>qua</strong></span> <span class='ocrx_word' id='word_1_271' title='bbox 3286 3624 3683 3702; x_wconf 88' lang='lat' dir='ltr'><strong>brevissime</strong></span> <span class='ocrx_word' id='word_1_272' title='bbox 3716 3621 4081 3700; x_wconf 86' lang='lat' dir='ltr'><strong>eonsilium</strong></span> <span class='ocrx_word' id='word_1_273' title='bbox 4118 3622 4327 3696; x_wconf 84' lang='lat' dir='ltr'><strong>attin-</strong></span> 
     </span>
     <span class='ocr_line' id='line_1_26' title="bbox 1291 3738 4331 3842; baseline 0.001 -28"><span class='ocrx_word' id='word_1_274' title='bbox 1291 3738 1494 3840; x_wconf 87' lang='lat' dir='ltr'><strong>gatis.</strong></span> <span class='ocrx_word' id='word_1_275' title='bbox 1573 3741 1944 3820; x_wconf 84' lang='lat' dir='ltr'><strong>Quantum</strong></span> <span class='ocrx_word' id='word_1_276' title='bbox 1968 3739 2254 3839; x_wconf 90' lang='lat' dir='ltr'><strong>quidem</strong></span> <span class='ocrx_word' id='word_1_277' title='bbox 2273 3741 2424 3816; x_wconf 86' lang='lat' dir='ltr'><strong>eius</strong></span> <span class='ocrx_word' id='word_1_278' title='bbox 2443 3741 2595 3816; x_wconf 89' lang='lat' dir='ltr'><strong>fieri</strong></span> <span class='ocrx_word' id='word_1_279' title='bbox 2614 3741 2872 3842; x_wconf 86' lang='lat' dir='ltr'><strong>possit,</strong></span> <span class='ocrx_word' id='word_1_280' title='bbox 2908 3742 3170 3820; x_wconf 88' lang='lat' dir='ltr'><strong>ibimus</strong></span> <span class='ocrx_word' id='word_1_281' title='bbox 3191 3769 3333 3822; x_wconf 89' lang='lat' dir='ltr'><strong>una</strong></span> <span class='ocrx_word' id='word_1_282' title='bbox 3354 3746 3503 3820; x_wconf 89' lang='lat' dir='ltr'><strong>etsi</strong></span> <span class='ocrx_word' id='word_1_283' title='bbox 3522 3770 3643 3821; x_wconf 86' lang='lat' dir='ltr'><strong>vos</strong></span> <span class='ocrx_word' id='word_1_284' title='bbox 3661 3767 3823 3820; x_wconf 87' lang='lat' dir='ltr'><strong>vera</strong></span> <span class='ocrx_word' id='word_1_285' title='bbox 3838 3741 4093 3842; x_wconf 87' lang='lat' dir='ltr'><strong>cupido</strong></span> <span class='ocrx_word' id='word_1_286' title='bbox 4114 3742 4331 3818; x_wconf 89' lang='lat' dir='ltr'><strong>scien·</strong></span> 
     </span>
     <span class='ocr_line' id='line_1_27' title="bbox 1289 3859 4333 3965; baseline 0.001 -32"><span class='ocrx_word' id='word_1_287' title='bbox 1289 3859 1428 3934; x_wconf 91' lang='lat' dir='ltr'><strong>tiae</strong></span> <span class='ocrx_word' id='word_1_288' title='bbox 1467 3859 1750 3950; x_wconf 89' lang='lat' dir='ltr'><strong>incitat,</strong></span> <span class='ocrx_word' id='word_1_289' title='bbox 1793 3885 1958 3936; x_wconf 87' lang='lat' dir='ltr'><strong>mox</strong></span> <span class='ocrx_word' id='word_1_290' title='bbox 2001 3885 2123 3936; x_wconf 86' lang='lat' dir='ltr'><strong>vos</strong></span> <span class='ocrx_word' id='word_1_291' title='bbox 2164 3859 2537 3938; x_wconf 88' lang='lat' dir='ltr'><strong>familiares</strong></span> <span class='ocrx_word' id='word_1_292' title='bbox 2557 3862 2831 3940; x_wconf 87' lang='lat' dir='ltr'><strong>habebo</strong></span> <span class='ocrx_word' id='word_1_293' title='bbox 2852 3873 2924 3940; x_wconf 89' lang='lat' dir='ltr'><strong>et</strong></span> <span class='ocrx_word' id='word_1_294' title='bbox 2947 3865 3241 3955; x_wconf 81' lang='lat' dir='ltr'><strong>amicos3</strong></span> <span class='ocrx_word' id='word_1_295' title='bbox 3280 3890 3403 3942; x_wconf 85' lang='lat' dir='ltr'><strong>vos</strong></span> <span class='ocrx_word' id='word_1_296' title='bbox 3428 3891 3541 3943; x_wconf 91' lang='lat' dir='ltr'><strong>me</strong></span> <span class='ocrx_word' id='word_1_297' title='bbox 3570 3864 3985 3965; x_wconf 68' lang='lat' dir='ltr'><strong>magistrum</strong></span> <span class='ocrx_word' id='word_1_298' title='bbox 4016 3887 4159 3938; x_wconf 90' lang='lat' dir='ltr'><strong>non</strong></span> <span class='ocrx_word' id='word_1_299' title='bbox 4184 3872 4333 3938; x_wconf 87' lang='lat' dir='ltr'><strong>tan·</strong></span> 
     </span>
     <span class='ocr_line' id='line_1_28' title="bbox 1293 3981 4332 4078; baseline 0.002 -25"><span class='ocrx_word' id='word_1_300' title='bbox 1293 3987 1450 4053; x_wconf 90' lang='lat' dir='ltr'><strong>tum</strong></span> <span class='ocrx_word' id='word_1_301' title='bbox 1492 3981 1614 4054; x_wconf 89' lang='lat' dir='ltr'><strong>sed</strong></span> <span class='ocrx_word' id='word_1_302' title='bbox 1645 3982 1951 4057; x_wconf 88' lang='lat' dir='ltr'><strong>amicum</strong></span> <span class='ocrx_word' id='word_1_303' title='bbox 1977 3982 2189 4056; x_wconf 89' lang='lat' dir='ltr'><strong>etiam</strong></span> <span class='ocrx_word' id='word_1_304' title='bbox 2229 3983 2735 4063; x_wconf 82' lang='lat' dir='ltr'><strong>existimabitis.</strong></span> <span class='ocrx_word' id='word_1_305' title='bbox 2798 3986 2937 4078; x_wconf 83' lang='lat' dir='ltr'><strong>Qui</strong></span> <span class='ocrx_word' id='word_1_306' title='bbox 2968 4010 3345 4064; x_wconf 89' lang='lat' dir='ltr'><strong>consensus</strong></span> <span class='ocrx_word' id='word_1_307' title='bbox 3382 3995 3465 4062; x_wconf 87' lang='lat' dir='ltr'><strong>ut</strong></span> <span class='ocrx_word' id='word_1_308' title='bbox 3492 3987 3587 4063; x_wconf 91' lang='lat' dir='ltr'><strong>ad</strong></span> <span class='ocrx_word' id='word_1_309' title='bbox 3610 3985 4005 4062; x_wconf 90' lang='lat' dir='ltr'><strong>studiorum</strong></span> <span class='ocrx_word' id='word_1_310' title='bbox 4030 3983 4332 4060; x_wconf 82' lang='lat' dir='ltr'><strong>fructum</strong></span> 
     </span>
     <span class='ocr_line' id='line_1_29' title="bbox 1295 4091 4279 4208; baseline 0.003 -36"><span class='ocrx_word' id='word_1_311' title='bbox 1295 4097 1492 4174; x_wconf 85' lang='lat' dir='ltr'><strong>vobis</strong></span> <span class='ocrx_word' id='word_1_312' title='bbox 1541 4107 1648 4175; x_wconf 89' lang='lat' dir='ltr'><strong>est</strong></span> <span class='ocrx_word' id='word_1_313' title='bbox 1693 4110 2089 4200; x_wconf 85' lang='lat' dir='ltr'><strong>exoptatus,</strong></span> <span class='ocrx_word' id='word_1_314' title='bbox 2139 4091 2328 4178; x_wconf 85' lang='lat' dir='ltr'><strong>mihi</strong></span> <span class='ocrx_word' id='word_1_315' title='bbox 2359 4104 2452 4180; x_wconf 88' lang='lat' dir='ltr'><strong>ad</strong></span> <span class='ocrx_word' id='word_1_316' title='bbox 2500 4106 2809 4182; x_wconf 88' lang='lat' dir='ltr'><strong>muneris</strong></span> <span class='ocrx_word' id='word_1_317' title='bbox 2854 4107 3081 4184; x_wconf 87' lang='lat' dir='ltr'><strong>officia</strong></span> <span class='ocrx_word' id='word_1_318' title='bbox 3124 4107 3304 4184; x_wconf 89' lang='lat' dir='ltr'><strong>bene</strong></span> <span class='ocrx_word' id='word_1_319' title='bbox 3348 4107 3704 4208; x_wconf 88' lang='lat' dir='ltr'><strong>implenda</strong></span> <span class='ocrx_word' id='word_1_320' title='bbox 3746 4104 4279 4182; x_wconf 83' lang='lat' dir='ltr'><strong>efficacissimus.</strong></span> 
     </span>
    </p>

    <p class='ocr_par' dir='ltr' id='par_1_4' title="bbox 1289 4217 4331 4920">
     <span class='ocr_line' id='line_1_30' title="bbox 1365 4217 4329 4324; baseline 0.001 -28"><span class='ocrx_word' id='word_1_321' title='bbox 1365 4217 1640 4296; x_wconf 65' lang='lat' dir='ltr'><strong>„Vestra</strong></span> <span class='ocrx_word' id='word_1_322' title='bbox 1659 4277 1680 4309; x_wconf 86' lang='lat'>‚</span> <span class='ocrx_word' id='word_1_323' title='bbox 1727 4219 1880 4294; x_wconf 89' lang='lat' dir='ltr'><strong>Viri</strong></span> <span class='ocrx_word' id='word_1_324' title='bbox 1925 4221 2326 4298; x_wconf 86' lang='lat' dir='ltr'><strong>Doctissimi</strong></span> <span class='ocrx_word' id='word_1_325' title='bbox 2345 4281 2365 4312; x_wconf 90' lang='lat'><em>,</em></span> <span class='ocrx_word' id='word_1_326' title='bbox 2425 4232 2769 4324; x_wconf 86' lang='lat' dir='ltr'><strong>quotquot</strong></span> <span class='ocrx_word' id='word_1_327' title='bbox 2826 4226 2919 4302; x_wconf 90' lang='lat' dir='ltr'><strong>ad</strong></span> <span class='ocrx_word' id='word_1_328' title='bbox 2974 4228 3153 4304; x_wconf 90' lang='lat' dir='ltr'><strong>hane</strong></span> <span class='ocrx_word' id='word_1_329' title='bbox 3206 4228 3687 4306; x_wconf 87' lang='lat' dir='ltr'><strong>solennitatem</strong></span> <span class='ocrx_word' id='word_1_330' title='bbox 3752 4225 4215 4313; x_wconf 76' lang='lat' dir='ltr'><strong>confluxistiS,</strong></span> <span class='ocrx_word' id='word_1_331' title='bbox 4256 4224 4329 4300; x_wconf 89' lang='lat' dir='ltr'><strong>in</strong></span> 
     </span>
     <span class='ocr_line' id='line_1_31' title="bbox 1291 4339 4331 4447; baseline 0 -30"><span class='ocrx_word' id='word_1_332' title='bbox 1291 4339 1550 4442; x_wconf 87' lang='lat' dir='ltr'><strong>quibus</strong></span> <span class='ocrx_word' id='word_1_333' title='bbox 1620 4341 1838 4418; x_wconf 87' lang='lat' dir='ltr'><strong>laetor</strong></span> <span class='ocrx_word' id='word_1_334' title='bbox 1893 4340 2083 4441; x_wconf 88' lang='lat' dir='ltr'><strong>quod</strong></span> <span class='ocrx_word' id='word_1_335' title='bbox 2147 4341 2420 4442; x_wconf 87' lang='lat' dir='ltr'><strong>antiqui</strong></span> <span class='ocrx_word' id='word_1_336' title='bbox 2476 4346 2787 4422; x_wconf 88' lang='lat' dir='ltr'><strong>muneris</strong></span> <span class='ocrx_word' id='word_1_337' title='bbox 2840 4345 3181 4447; x_wconf 85' lang='lat' dir='ltr'><strong>quosdam</strong></span> <span class='ocrx_word' id='word_1_338' title='bbox 3234 4349 3453 4425; x_wconf 89' lang='lat' dir='ltr'><strong>socios</strong></span> <span class='ocrx_word' id='word_1_339' title='bbox 3510 4348 3865 4447; x_wconf 86' lang='lat' dir='ltr'><strong>adspicere</strong></span> <span class='ocrx_word' id='word_1_340' title='bbox 3912 4344 4089 4422; x_wconf 89' lang='lat' dir='ltr'><strong>mihi</strong></span> <span class='ocrx_word' id='word_1_341' title='bbox 4131 4343 4289 4420; x_wconf 88' lang='lat' dir='ltr'><strong>licet</strong></span> <span class='ocrx_word' id='word_1_342' title='bbox 4308 4399 4331 4434; x_wconf 86' lang='lat'>‚</span> 
     </span>
     <span class='ocr_line' id='line_1_32' title="bbox 1293 4461 4331 4570; baseline 0.002 -36"><span class='ocrx_word' id='word_1_343' title='bbox 1293 4471 1518 4538; x_wconf 87' lang='lat' dir='ltr'><strong>vestra</strong></span> <span class='ocrx_word' id='word_1_344' title='bbox 1561 4462 1794 4537; x_wconf 89' lang='lat' dir='ltr'><strong>studia</strong></span> <span class='ocrx_word' id='word_1_345' title='bbox 1837 4461 2298 4538; x_wconf 87' lang='lat' dir='ltr'><strong>communiter</strong></span> <span class='ocrx_word' id='word_1_346' title='bbox 2327 4488 2491 4540; x_wconf 89' lang='lat' dir='ltr'><strong>cum</strong></span> <span class='ocrx_word' id='word_1_347' title='bbox 2530 4467 2785 4542; x_wconf 87' lang='lat' dir='ltr'><strong>nostris</strong></span> <span class='ocrx_word' id='word_1_348' title='bbox 2812 4476 3205 4544; x_wconf 85' lang='lat' dir='ltr'><strong>sustentent</strong></span> <span class='ocrx_word' id='word_1_349' title='bbox 3242 4476 3312 4545; x_wconf 92' lang='lat' dir='ltr'><strong>et</strong></span> <span class='ocrx_word' id='word_1_350' title='bbox 3340 4476 3645 4570; x_wconf 79' lang='lat' dir='ltr'><strong>augeant</strong></span> <span class='ocrx_word' id='word_1_351' title='bbox 3674 4467 3887 4543; x_wconf 88' lang='lat' dir='ltr'><strong>huius</strong></span> <span class='ocrx_word' id='word_1_352' title='bbox 3915 4463 4331 4541; x_wconf 86' lang='lat' dir='ltr'><strong>Academiae</strong></span> 
     </span>
     <span class='ocr_line' id='line_1_33' title="bbox 1291 4582 4330 4688; baseline 0.001 -30"><span class='ocrx_word' id='word_1_353' title='bbox 1291 4583 1618 4658; x_wconf 89' lang='lat' dir='ltr'><strong>honorem</strong></span> <span class='ocrx_word' id='word_1_354' title='bbox 1671 4591 1744 4658; x_wconf 91' lang='lat' dir='ltr'><strong>et</strong></span> <span class='ocrx_word' id='word_1_355' title='bbox 1793 4582 2226 4684; x_wconf 82' lang='lat' dir='ltr'><strong>dignitatem.</strong></span> <span class='ocrx_word' id='word_1_356' title='bbox 2271 4625 2374 4642; x_wconf 89' lang='lat'>—</span> <span class='ocrx_word' id='word_1_357' title='bbox 2423 4586 2534 4660; x_wconf 77' lang='lat' dir='ltr'><strong>&#39;I&#39;u</strong></span> <span class='ocrx_word' id='word_1_358' title='bbox 2588 4611 2746 4664; x_wconf 89' lang='lat' dir='ltr'><strong>vero</strong></span> <span class='ocrx_word' id='word_1_359' title='bbox 2794 4591 2886 4666; x_wconf 95' lang='lat' dir='ltr'><strong>D.</strong></span> <span class='ocrx_word' id='word_1_360' title='bbox 2930 4590 3017 4664; x_wconf 94' lang='grc' dir='ltr'><strong>Ο.</strong></span> <span class='ocrx_word' id='word_1_361' title='bbox 3054 4591 3201 4664; x_wconf 57' lang='grc' dir='ltr'><strong>ΜΛ</strong></span> <span class='ocrx_word' id='word_1_362' title='bbox 3258 4614 3301 4664; x_wconf 87' lang='lat' dir='ltr'><strong>a</strong></span> <span class='ocrx_word' id='word_1_363' title='bbox 3350 4612 3491 4688; x_wconf 90' lang='lat' dir='ltr'><strong>quo</strong></span> <span class='ocrx_word' id='word_1_364' title='bbox 3532 4596 3707 4664; x_wconf 87' lang='lat' dir='ltr'><strong>sunt.</strong></span> <span class='ocrx_word' id='word_1_365' title='bbox 3748 4585 3983 4662; x_wconf 89' lang='lat' dir='ltr'><strong>omnia</strong></span> <span class='ocrx_word' id='word_1_366' title='bbox 4031 4583 4330 4684; x_wconf 78' lang='lat' dir='ltr'><strong>perfecta</strong></span> 
     </span>
     <span class='ocr_line' id='line_1_34' title="bbox 1292 4702 4321 4804; baseline 0.001 -27"><span class='ocrx_word' id='word_1_367' title='bbox 1292 4702 1473 4779; x_wconf 88' lang='lat' dir='ltr'><strong>dona</strong></span> <span class='ocrx_word' id='word_1_368' title='bbox 1541 4703 1966 4804; x_wconf 82' lang='lat' dir='ltr'><strong>virtutesque</strong></span> <span class='ocrx_word' id='word_1_369' title='bbox 1986 4761 2005 4792; x_wconf 93' lang='lat'>‚</span> <span class='ocrx_word' id='word_1_370' title='bbox 2083 4703 2193 4778; x_wconf 86' lang='lat' dir='ltr'><strong>Tu</strong></span> <span class='ocrx_word' id='word_1_371' title='bbox 2255 4713 2525 4782; x_wconf 83' lang='lat' dir='ltr'><strong>nostros</strong></span> <span class='ocrx_word' id='word_1_372' title='bbox 2585 4717 2873 4786; x_wconf 87' lang='lat' dir='ltr'><strong>conatus</strong></span> <span class='ocrx_word' id='word_1_373' title='bbox 2943 4710 3247 4786; x_wconf 87' lang='lat' dir='ltr'><strong>secunda</strong></span> <span class='ocrx_word' id='word_1_374' title='bbox 3306 4710 3379 4784; x_wconf 88' lang='lat' dir='ltr'><strong>in</strong></span> <span class='ocrx_word' id='word_1_375' title='bbox 3450 4709 3783 4786; x_wconf 87' lang='lat' dir='ltr'><strong>iuvenum</strong></span> <span class='ocrx_word' id='word_1_376' title='bbox 3848 4704 4281 4785; x_wconf 84' lang='lat' dir='ltr'><strong>commodum</strong></span> <span class='ocrx_word' id='word_1_377' title='bbox 4298 4759 4321 4792; x_wconf 85' lang='lat'><em>,</em></span> 
     </span>
     <span class='ocr_line' id='line_1_35' title="bbox 1289 4821 3579 4920; baseline 0.005 -24"><span class='ocrx_word' id='word_1_378' title='bbox 1289 4821 1549 4920; x_wconf 89' lang='lat' dir='ltr'><strong>patriae</strong></span> <span class='ocrx_word' id='word_1_379' title='bbox 1597 4821 1889 4898; x_wconf 88' lang='lat' dir='ltr'><strong>salutem</strong></span> <span class='ocrx_word' id='word_1_380' title='bbox 1910 4881 1930 4913; x_wconf 89' lang='lat'>‚</span> <span class='ocrx_word' id='word_1_381' title='bbox 1981 4823 2190 4898; x_wconf 89' lang='lat' dir='ltr'><strong>huius</strong></span> <span class='ocrx_word' id='word_1_382' title='bbox 2236 4825 2653 4903; x_wconf 89' lang='lat' dir='ltr'><strong>Academiae</strong></span> <span class='ocrx_word' id='word_1_383' title='bbox 2695 4828 2907 4905; x_wconf 87' lang='lat' dir='ltr'><strong>decus</strong></span> <span class='ocrx_word' id='word_1_384' title='bbox 2952 4837 3025 4906; x_wconf 89' lang='lat' dir='ltr'><strong>et</strong></span> <span class='ocrx_word' id='word_1_385' title='bbox 3072 4835 3579 4908; x_wconf 84' lang='lat' dir='ltr'><strong>ornamentum.</strong></span> 
     </span>
    </p>
   </div>
   <div class='ocr_carea' id='block_1_3' title="bbox 2636 4989 2977 5022">
    <p class='ocr_par' dir='ltr' id='par_1_5' title="bbox 2636 4989 2977 5022">
     <span class='ocr_line' id='line_1_36' title="bbox 2636 4989 2977 5022; baseline -0.006 -14"><span class='ocrx_word' id='word_1_386' title='bbox 2636 4989 2977 5022; x_wconf 39' lang='grc' dir='ltr'><strong>...Φ-ξ</strong></span> 
     </span>
    </p>
   </div>
   <div class='ocr_carea' id='block_1_4' title="bbox 4893 987 4934 5524">
    <p class='ocr_par' dir='ltr' id='par_1_6' title="bbox 4893 987 4934 5524">
     <span class='ocr_line' id='line_1_37' title="bbox 4893 987 4934 5524; baseline 0 0"><span class='ocrx_word' id='word_1_387' title='bbox 4893 987 4934 5524; x_wconf 95' lang='lat' dir='ltr'><strong> </strong></span> 
     </span>
    </p>
   </div>
  </div>
 </body>
</html>
