4934 6184
1286 723 1415 790 228
2366 707 2433 772 C.
2509 706 2585 770 Μ.
2655 703 3236 770 FRANCKEN

1292 926 1653 1005 evolverat.
1750 917 1846 992 Et
1906 919 2103 990 erant
2166 911 2269 988 illi
2328 910 2566 986 eximii
2623 911 2752 986 viri
2821 917 3018 988 tants
3077 909 3378 986 stultitia
3429 934 3520 987 sn
3577 909 3804 988 furore
3821 969 3842 1000 ,
3911 919 3990 990 ut
4047 912 4322 990 nullum

1289 1040 1703 1122 vocabulum
1770 1033 1909 1112 nisi
1977 1033 2069 1110 ab
2138 1031 2261 1108 illo
2318 1038 2732 1132 usurpatum
2805 1031 2942 1107 sibi
3005 1029 3483 1132 permitterent
3501 1089 3522 1122 ,
3601 1041 3682 1106 ut
3739 1031 4040 1132 exempli
4099 1035 4322 1133 gratia

1298 1166 1669 1242 marearum
1716 1179 1915 1258 reges
1962 1153 2273 1230 dicerent
2317 1175 2518 1251 reges
2567 1151 2934 1240 Thracum,
2983 1151 3150 1252 quis
3189 1151 3472 1228 Crono
3511 1151 3772 1228 Turcas
3813 1175 3952 1226 non
3996 1151 4318 1228 novisset.

1292 1287 1569 1378 Quanto
1630 1277 1887 1354 rectius
1964 1275 2516 1354 Qumcnmno
2581 1271 3064 1370 praebuissent
3126 1295 3368 1348 aurem
3439 1272 3530 1346 de
3603 1271 3850 1372 putida
3919 1271 4320 1347 Omnnonrs

1294 1401 1683 1480 imitatione
1724 1393 2039 1474 monenti
2053 1451 2075 1484 ‚
2125 1415 2339 1492 quam
2378 1415 2608 1490 nugas
2651 1389 2804 1466 illas
2843 1415 3127 1468 canoras
3177 1391 3420 1468 sectati
3459 1399 3728 1482 essent,
3775 1415 3958 1492 quae
4003 1401 4074 1466 et
4119 1401 4321 1468 antes

1288 1527 1599 1602 Anemo
1659 1517 2069 1593 Pomruno
2086 1515 2145 1606 ι)
2168 1569 2189 1602 ,
2258 1519 2330 1587 et
2378 1519 2540 1612 post
2601 1511 2884 1610 optimis
2929 1511 3294 1613 philologis
3327 1510 3540 1587 bilem
3579 1519 3966 1589 moverunt.
4063 1514 4326 1588 Graves

1292 1644 1397 1722 illi
1462 1639 1587 1718 sed
1650 1635 1933 1712 meritas
1990 1655 2247 1734 poenas
2310 1631 2656 1707 dederunt
2719 1632 3066 1721 Essene,
3131 1641 3372 1732 utpote
3431 1631 3630 1732 digni
3679 1632 3752 1708 in
3819 1657 3996 1731 quos
4045 1633 4326 1710 iactaret

1296 1760 1765 1840 Horatianum
1818 1752 1997 1832 illud
2066 1755 2129 1828 O
2172 1753 2552 1828 imitatores
2601 1777 2860 1828 servum
2893 1777 3100 1852 pecus
3113 1755 3150 1828 l
3219 1753 3472 1854 Neque
3513 1761 3750 1828 tamen
3803 1761 4044 1852 postea
4089 1753 4326 1828 defue-

1298 1891 1499 1971 runt,
1534 1879 1659 1982 qui
1698 1901 1925 1956 unum
1960 1874 2399 1950 omnonnn
2438 1871 2788 1948 mordicus
2821 1873 2918 1950 ad
2945 1872 3410 1948 imitationem
3437 1879 3788 1962 tenerent,
3825 1882 3899 1948 et
3915 1932 3936 1964 ,
3971 1873 4031 1948 si
4050 1875 4330 1973 quando

1296 2005 1587 2084 verbum
1632 1997 1991 2078 incidisset
2032 1995 2137 2074 illi
2166 1995 2490 2094 ignotum
2509 2051 2533 2082 ,
2581 2017 3020 2094 summopere
3058 2003 3522 2094 gravarentur.
3593 1993 3704 2068 Ex
3743 1993 4002 2092 quibus
4047 2005 4330 2070 centum

1294 2125 1497 2204 annis
1536 2131 1695 2224 post
1736 2120 2049 2194 Lzonnu
2089 2117 2610 2188 lucanorum
2649 2113 2938 2212 quidam
2959 2167 2980 2201 ,
3029 2113 3426 2212 ceteroquin
3469 2111 3808 2188 obscurus
3843 2113 4084 2202 homo,
4129 2115 4332 2214 quasi

1298 2245 1533 2322 divino
1570 2239 1909 2316 instinctu
1952 2231 2317 2310 affirmavit
2364 2230 2660 2307 abeatos
2699 2231 2772 2306 in
2813 2231 3006 2306 coelo
3038 2231 3286 2318 Iatine
3323 2233 3742 2310 locuturos.”
3805 2233 3896 2308 Et
3933 2233 4326 2321 Esussrn,

1296 2383 1721 2466 quamquam
1793 2357 1997 2456 longe
2074 2352 2166 2428 ab
2226 2351 2337 2427 his
2402 2351 2684 2451 ineptiis
2749 2349 2988 2440 abest,
3059 2359 3291 2428 tamen
3355 2351 3714 2453 diligentis
3771 2351 3898 2428 hoc
3949 2355 4018 2427 in
4075 2377 4328 2453 genere

1300 2485 1515 2564 nimia
1574 2479 1729 2557 fuit.
1828 2476 1937 2550 Ac
1996 2472 2245 2550 vellem
2296 2471 2427 2548 hoc
2475 2479 2784 2572 tempore
2833 2471 3062 2548 omnis
3123 2472 3242 2548 illa
3299 2473 3731 2550 Ciceroniani
3791 2473 3932 2550 stili
3993 2473 4334 2550 affectatio

1300 2607 1575 2683 abesset
1593 2635 1611 2692 ;
1662 2598 1787 2676 sed
1837 2619 2071 2672 vereor
2112 2593 2476 2670 affirmare.
2573 2591 2820 2668 Plures
2863 2615 3052 2668 nunc
3101 2601 3268 2668 sunt
3317 2618 3633 2670 censores
3681 2617 3896 2694 quam
3941 2594 4334 2694 scriptores;

1302 2725 1468 2804 inde
1510 2723 1634 2812 fit,
1680 2727 1765 2794 ut
1805 2715 1931 2816 qui
1968 2713 2105 2814 ipsi
2145 2735 2536 2813 numquam
2579 2718 2706 2787 sut
2739 2711 2922 2788 mule
2961 2713 3210 2790 Latine
3251 2713 3557 2790 scribant
3571 2773 3594 2804 ,
3643 2715 3702 2790 si
3733 2713 4018 2814 quando
4057 2713 4336 2790 alterius

1300 2837 1633 2946 scriptum
1674 2837 1989 2915 oblatum
2042 2840 2149 2908 est
2168 2891 2189 2924 ,
2252 2838 2399 2909 tam
2440 2829 2642 2908 avide
2689 2830 2764 2906 in
2809 2857 3070 2910 errores
3115 2834 3459 2923 involent,
3507 2859 3588 2910 ac
3635 2835 3696 2910 si
3737 2857 4016 2911 summa
4053 2859 4163 2910 res
4207 2859 4335 2934 pu-

1304 2965 1487 3042 blica
1547 2967 1813 3066 agatur.
1914 2956 2029 3031 Its
2092 2951 2291 3030 facile
2359 2949 2709 3031 deterrent
2769 2977 2814 3028 a
2881 2953 3248 3032 scribendo
3307 2979 3426 3030 eos
3441 3013 3462 3044 ,
3527 2953 3651 3056 qui
3695 2955 3892 3032 nulla
3933 2955 4338 3032 necessitate

1301 3086 1395 3162 ad
1449 3081 1699 3160 Latine
1768 3073 2213 3156 scribendum
2268 3067 2802 3172 compelluntur.
2899 3073 3010 3148 Ex
3065 3075 3342 3151 illorum
3393 3074 3672 3176 ineptiis
3713 3075 3890 3152 illud
3935 3083 4087 3166 est,
4150 3075 4336 3176 quod

1304 3229 1447 3282 non
1504 3203 1897 3278 Christiana
1936 3197 2175 3296 reliyio
2222 3191 2349 3268 sed
2404 3193 2798 3268 Christiana
2835 3195 3146 3270 doctrina
3185 3194 3558 3272 dicendum
3599 3195 3982 3287 affirmant3
4033 3199 4340 3272 classicos

1304 3334 1613 3400 auctores
1654 3319 1787 3395 tibi
1830 3341 1972 3393 non
2017 3312 2433 3415 permittunt
2454 3368 2476 3401 ,
2539 3311 2664 3388 sed
2715 3297 3048 3390 classicos
3075 3323 3385 3392 auctores
3437 3319 3558 3418 qui
3603 3325 3957 3406 vocantur,
4005 3318 4338 3392 nimirum

1304 3453 1387 3518 ut
1430 3439 1777 3540 significes
1798 3494 1819 3526 ‚
1869 3434 2041 3510 scire
2090 3441 2161 3508 te
2182 3484 2203 3524 ‚
2256 3432 2526 3504 Gunn
2569 3437 2842 3507 tantum
2885 3433 3292 3509 auctoritate
3329 3433 3508 3509 illud
3554 3431 3958 3510 vocabulum
4009 3433 4328 3520 defendi5

1308 3571 1381 3638 et
1436 3556 1757 3661 quamvis
1820 3548 2311 3630 studiosissimi
2362 3548 2666 3624 Tulliani
2735 3521 3100 3627 v3borum
3165 3552 3492 3628 circuitus
3541 3561 3614 3628 et
3675 3551 4004 3628 ubertatis
4021 3611 4042 3644 ,
4089 3561 4327 3629 temen

1286 3682 1644 3784 periodum
1694 3684 1767 3752 et
1810 3671 2407 3752 oieumlocutionem
2460 3667 2574 3742 vix
2615 3667 3022 3748 admittunt.
3121 3670 3262 3746 Sed
3311 3671 3714 3772 imprudens
3753 3671 3892 3747 iam
3933 3671 4008 3746 in
4053 3671 4292 3772 plagas
4309 3731 4328 3761 ,

1302 3828 1479 3905 quas
1548 3799 1651 3875 illi
1716 3793 2053 3883 tendunt,
2118 3788 2332 3866 incidi
2350 3847 2374 3878 ‚
2444 3811 2666 3888 quum
2727 3788 3044 3866 dicebam
3105 3814 3308 3891 posse
3363 3816 3790 3895 quemquam
3849 3795 4026 3868 nale
4085 3793 4338 3868 Latine

1299 3923 1596 4000 scribere
1614 3979 1635 4010 ,
1698 3923 1773 3994 et
1832 3921 2142 3992 auctores
2188 3906 2545 4009 loquebar.
2646 3909 2988 3988 Quocirca
3043 3912 3456 4011 quantocius
3503 3937 3592 3990 ex
3645 3913 3756 3990 his
3809 3937 3942 4014 ego
3995 3913 4334 4014 angustiis

1302 4063 1601 4138 emergO.
1699 4038 1795 4111 Et
1840 4056 2073 4109 vereor
2116 4055 2207 4106 ne
2258 4053 2506 4128 graves
2551 4029 2976 4128 petulantiae
3017 4055 3274 4130 poenas
3315 4031 3624 4109 subeam.

1396 4161 1800 4236 Omnsoms
1862 4153 2151 4227 virtutes
2168 4207 2191 4240 ,
2240 4151 2397 4225 AA.
2417 4207 2440 4238 ,
2487 4155 2570 4224 ut
2627 4173 2942 4226 summae
2959 4209 2980 4240 ,
3029 4151 3129 4228 ita
3169 4152 3354 4228 vitiis
3393 4153 3747 4254 proximas
3792 4163 3979 4230 sunt.
4081 4153 4330 4228 Orator

1298 4290 1407 4358 est
1474 4303 1659 4356 unus
1716 4275 1791 4382 in
1854 4270 2097 4373 paucis
2154 4267 2478 4368 egregius
2496 4325 2518 4356 ‚
2581 4270 2706 4344 sed
2765 4268 3028 4370 ubique
3091 4281 3162 4348 et
3223 4272 3434 4348 nimis
3489 4299 3693 4375 saepe
3733 4283 3982 4350 orator.
4083 4275 4212 4348 Est
4251 4274 4328 4348 in

1296 4399 1606 4502 epistolis
1680 4393 1891 4472 etiam
1914 4449 1937 4482 ‚
2010 4387 2135 4464 ubi
2200 4393 2524 4462 ornatum
2602 4387 2856 4464 habeat
2922 4392 3272 4490 quendam
3339 4392 3472 4468 sibi
3531 4393 3890 4494 proprium
3955 4417 4036 4468 ac
4105 4417 4328 4494 paene

1296 4518 1591 4596 dixerim
1656 4507 2041 4590 naturalem
2060 4565 2083 4596 ,
2148 4503 2516 4620 quianon
2563 4504 2744 4581 inter
2791 4508 3238 4588 scribendum
3281 4513 3589 4592 studiose
3634 4514 3726 4592 ab
3771 4513 3892 4590 illo
3931 4514 4322 4613 quaeritur,

1376 4789 1426 4862 ι)
1467 4787 1557 4846 ef.
1601 4783 1955 4845 Muenna
1992 4781 2130 4841 hiet.
2170 4779 2321 4840 vitae
2360 4779 2510 4852 Δις.
2551 4779 2730 4838 Polie.
2771 4779 2924 4860 Lips.
2971 4783 3156 4850 1786,
3199 4803 3253 4862 p.
3301 4787 3434 4846 19¹1.
3499 4783 3584 4844 De
3625 4783 3924 4844 Incbofero
3959 4783 4032 4843 cf.
4063 4781 4316 4850 Wsmu,

1286 4883 1426 4942 hiet.
1465 4883 1595 4942 σήι.
1636 4881 1872 4941 latinae
1910 4879 2157 4954 linquae,
2198 4875 2351 4958 Lips-
2396 4877 2586 4948 1729,
2627 4896 2683 4956 p.
2727 4880 2862 4938 212.
