4934 6184
1354 705 1486 770 114
2381 699 2656 768 ACTA
2724 699 2835 766 IN
2900 699 3349 768 SENATU.

1346 910 1482 984 Die
1584 911 1628 987 ’7
1677 932 1772 984 m.
1823 903 2254 983 Decembris.
2376 903 2505 980 Vir
2566 905 2748 982 Clar.
2799 905 3119 983 IAconus
3172 909 3579 984 Anommus
3638 905 3989 982 Canonus
4040 905 4389 995 Romae,

1688 1027 1870 1103 Phil.
1912 1025 2160 1102 Theor.
2203 1025 2547 1126 Magister
2568 1025 2707 1102 Lit.
2728 1025 2954 1103 Hum.
2989 1035 3063 1102 et
3094 1027 3277 1102 Iuris
3314 1027 3520 1106 Rom.
3552 1034 3625 1104 et
3646 1026 3838 1102 Hod.
3864 1024 4123 1102 Doctor
4144 1051 4393 1102 earun-

1691 1147 1990 1247 demque
2037 1145 2431 1222 Literarum
2480 1145 2556 1221 in
2607 1145 2987 1222 Academia
3038 1147 3487 1248 Groningana
3534 1147 3886 1223 Professor
3932 1146 4343 1222 Ordinarius
4361 1205 4385 1235 ,

1691 1267 1989 1344 Decreto
2051 1267 2277 1367 Regio
2342 1265 2484 1342 diei
2551 1271 2601 1342 4
2644 1291 2742 1343 m.
2788 1266 3101 1368 Augusti
3160 1267 3254 1344 ad
3314 1293 3577 1344 munus
3632 1267 3841 1346 hocce
3884 1267 3959 1342 in
4010 1267 4393 1342 Academia.

1689 1386 2360 1464 Rheno-Traiectina
2419 1385 2829 1463 obeundum
2892 1395 3181 1464 vocatus
3199 1446 3220 1477 ,
3278 1388 3355 1462 id
3400 1389 3636 1490 ipsum
3676 1387 4075 1487 auspicatus
4114 1395 4223 1462 est
4264 1387 4389 1461 ha·

1683 1508 1833 1583 bita
1877 1507 2209 1584 Oratione
2251 1509 2336 1582 de
2381 1506 2879 1608 Histmioloyia
2922 1511 3145 1584 aetati
3182 1517 3455 1586 metrae
3478 1511 3773 1610 plurimi
3788 1509 4149 1605 facienda.

1340 1749 1474 1826 Die
1525 1753 1617 1824 25
1669 1774 1764 1826 m.
1814 1747 2197 1824 Februarii.
2294 1748 2773 1848 Designantur
2836 1755 3135 1848 quatuor
3186 1747 3349 1838 viri,
3398 1774 3441 1824 e
3490 1747 3749 1848 quibus
3798 1774 3842 1824 a
3890 1745 4089 1848 Rege
4138 1747 4387 1846 Augu-

1685 1868 1989 1946 stieaimo
2031 1869 2290 1945 Rector
2327 1867 2404 1944 in
2443 1868 2840 1971 proximum
2884 1893 3153 1946 annum
3198 1868 3498 1970 eligatur
3514 1928 3537 1958 ,

1733 1991 1845 2066 Ex
1895 1989 2160 2066 Ordine
2205 1989 2388 2066 Phil.
2439 1989 2686 2065 Theor.
2738 1999 2809 2065 et
2854 1990 2994 2066 Lit.
3044 1989 3269 2066 Hum.
3440 1989 3527 2065 L.
3576 1991 3664 2065 G.
3716 1987 4111 2062 Vrssennn.

2211 2108 2495 2184 Medico
3441 2107 3524 2183 L.
3574 2109 3649 2183 C.
3700 2131 3849 2182 vm
3899 2109 4379 2182 Gounonvnn.

2208 2228 2609 2304 Matheseos
2654 2233 2728 2304 et
2773 2227 2953 2305 Phil.
3005 2229 3172 2305 Nat.
3434 2227 3516 2304 P.
3568 2226 3945 2304 Hammo.

2209 2345 2625 2446 Theologico
3433 2348 3519 2423 B.
3570 2371 3714 2422 ΤΕΒ
3762 2348 4014 2424 Hm.

1787 2567 2265 2688 Designantur
2332 2587 2545 2662 etiam
2615 2592 2916 2686 quatuor
2977 2586 3103 2662 viri
3122 2645 3143 2679 ,
3216 2613 3255 2662 e
3316 2587 3575 2689 quibua
3631 2587 3931 2664 Senatus
3988 2588 4385 2666 Academici

1687 2706 2138 2808 Graphiarius
2186 2705 2487 2806 eligatur
2500 2764 2524 2797 ,

1727 2829 1840 2904 Ex
1889 2827 2155 2904 Ordine
2201 2825 2513 2902 Iuridico
2615 2899 2629 2912 ,
3433 2826 3494 2904 I.
3546 2850 3696 2903 vm
3740 2826 3984 2904 Ham..

2200 2947 2382 3024 Phil.
2433 2945 2681 3024 Theor.
2734 2955 2806 3024 et
2850 2949 2989 3026 Lit.
3040 2947 3262 3026 Hum.
3432 2948 3495 3025 I.
3546 2949 3637 3024 A.
3689 2949 3771 3026 C.
3820 2949 4145 3026 Rovnns.

2201 3067 2430 3145 Math.
2483 3074 2555 3144 et
2601 3068 2781 3147 Phil.
2832 3071 3001 3147 Nat.
3431 3068 3513 3144 Ο.
3550 3067 3648 3144 Η.
3690 3069 3783 3152 D.
3826 3070 4027 3148 Bura
4052 3071 4379 3149 Rumor.

1919 3217 1954 3256 n
2015 3225 2042 3246 .
2204 3187 2623 3288 Theologico
3430 3188 3515 3264 B.
3568 3211 3712 3264 ‘rna
3756 3189 4010 3267 ΗΑΑΒ.

1676 3429 2076 3504 Assessores
2125 3427 2649 3503 constituuntur
2664 3487 2687 3518 ‚

1725 3550 1838 3624 Ex
1888 3547 2156 3624 Ordine
2201 3548 2484 3625 Medico
3198 3551 3259 3627 I.
3282 3550 3363 3626 L.
3380 3549 3461 3629 C.
3479 3549 3926 3628 Scnnonnnn
3944 3576 4013 3628 v.
4034 3575 4103 3628 n.
4126 3552 4373 3630 Kom.

1919 3691 1954 3738 n
2201 3668 2428 3744 Math.
2480 3675 2555 3744 et
2600 3667 2781 3746 Phil.
2831 3668 2999 3745 Nat.
3194 3672 3283 3746 G.
3334 3670 3395 3744 I.
3446 3670 3800 3750 Munna.

2203 3789 2617 3889 Theologieo
3193 3790 3291 3866 H.
3341 3792 3686 3866 Bonum.

2206 3909 2511 3986 Iuridico
3190 3911 3279 3986 A.
3331 3911 3413 3988 C.
3465 3909 3823 3988 Homine.
