4934 6184
1813 655 2367 724 ORATIO.
3470 653 3597 722 255

665 869 916 967 Itaque
973 855 1426 966 praecipuum
1493 863 1626 942 hoc
1685 886 1837 940 esse
1899 862 2174 939 videtur
2187 920 2208 950 ‚
2275 885 2365 936 ne
2408 859 2763 959 codicibus
2806 860 3105 938 conditis
3158 885 3384 937 veram
3431 863 3606 937 iuris

567 995 888 1066 naturam
933 985 1424 1064 obliviscamur
1441 1043 1462 1073 ‚
1511 1007 1738 1083 neque
1783 990 2142 1083 propterea
2191 1006 2569 1081 sequamur
2615 981 3073 1080 plurimorum
3118 980 3437 1056 codicum
3484 1005 3604 1080 pa·

565 1116 920 1183 tronorum
972 1129 1268 1182 errorem
1311 1105 1516 1203 quasi
1552 1103 1696 1180 iam
1741 1127 1883 1180 uno
1926 1103 2162 1179 codice
2201 1126 2406 1178 omne
2448 1102 2561 1176 ius
2604 1101 3056 1177 contineatur.
3158 1102 3322 1179 Quo
3367 1110 3604 1176 autem

563 1225 790 1304 tutius
859 1226 992 1302 hoc
1049 1225 1496 1302 observemus
1557 1223 1836 1324 egregie
1893 1222 2060 1300 facit
2125 1223 2278 1322 ipsa
2291 1281 2314 1312 ‚
2385 1246 2599 1321 quam
2664 1221 2753 1296 de
2812 1221 3045 1297 codice
3108 1221 3605 1321 Napoleontieo
3704 1216 3715 1228 ’

563 1345 984 1421 sententiam
1043 1343 1662 1445 pronuntiaverunt
1729 1344 1918 1420 illius
1989 1351 2340 1431 auctores;
2408 1343 2533 1441 qui
2551 1398 2572 1431 ‚
2634 1343 2950 1440 quamvis
3016 1340 3424 1417 Savinianae
3486 1366 3605 1417 eos

563 1465 844 1541 latuerit
905 1464 1258 1540 doctrinae
1318 1464 1736 1562 praestantia
1752 1522 1773 1552 ‚
1846 1463 2146 1564 graviter
2205 1486 2345 1538 non
2405 1470 2681 1538 tantum
2742 1462 3254 1562 reprehendunt
3308 1475 3603 1542 errorem

563 1608 806 1660 eorum
865 1583 990 1682 qui
1041 1582 1117 1657 in
1181 1582 1542 1660 condendo
1603 1584 1838 1660 codice
1883 1583 2124 1684 populi
2173 1582 2532 1659 historiam
2581 1583 2869 1682 impune
2914 1583 3177 1682 negligi
3214 1607 3417 1682 posse
3458 1607 3599 1658 cre-

563 1704 779 1793 dant,
850 1726 1092 1778 verum
1155 1703 1368 1780 etiam
1440 1702 1528 1778 de
1594 1728 1802 1804 opere
1867 1729 1992 1780 suo
2047 1704 2418 1804 temporis
2445 1709 2672 1786 tractu
2721 1703 3138 1803 perficiendo
3192 1704 3606 1779 disserentes

483 1807 493 1812 ”
566 1824 844 1924 egregie
909 1825 1324 1923 profitentur
1381 1823 1650 1904 codices
1704 1825 1976 1925 proprie
2031 1825 2124 1900 ab
2175 1822 2575 1900 hominibus
2622 1847 2763 1898 non
2812 1825 3059 1900 confici
3106 1823 3229 1899 sed
3282 1825 3607 1924 temporis

565 1945 800 2043 potius
851 1968 1002 2018 esse
1047 1967 1250 2043 opus,

666 2065 744 2140 Si
813 2071 1050 2140 autem
1117 2062 1246 2140 hac
1309 2062 1574 2138 ratione
1633 2064 1902 2140 codices
1957 2065 2479 2140 considerantur
2539 2088 2771 2162 neque
2824 2089 2989 2164 prae
3042 2065 3319 2139 illorum
3378 2088 3609 2138 amore

565 2185 738 2258 iuris
805 2183 1112 2282 genuina
1179 2182 1563 2282 negligitur
1631 2193 1880 2260 natura
1902 2242 1923 2272 ,
1995 2185 2188 2260 haud
2256 2209 2491 2261 vereor
2554 2209 2646 2259 ne
2698 2183 3046 2259 doctrinae
3114 2184 3611 2260 detrimentum

563 2304 854 2382 afferant
927 2303 1120 2402 quod
1197 2303 1305 2378 vel
1370 2304 1674 2380 maxime
1738 2304 2148 2378 metuebant
2217 2304 2609 2380 adversarii.
2726 2305 2980 2378 Nonne
3048 2304 3390 2402 imprimis
3446 2305 3609 2379 inde

561 2425 916 2500 oriebatur
981 2423 1096 2498 ille
1146 2428 1378 2498 metus
1397 2479 1417 2509 ,
1481 2423 1674 2521 quod
1719 2421 2036 2498 codicum
2086 2423 2362 2523 patroni
2409 2447 2617 2525 omne
2663 2447 2807 2498 uno
2852 2425 3087 2499 codice
3124 2425 3237 2498 ius
3278 2425 3611 2500 contineri

565 2549 936 2644 putarent,
1001 2542 1298 2640 ideoque
1361 2541 1454 2618 ad
1513 2565 1736 2618 unum
1798 2542 2108 2618 codicem
2159 2568 2438 2618 omnem
2492 2543 2875 2620 doctrinam
2930 2569 3080 2620 esse
3132 2545 3560 2620 referendam
3578 2547 3613 2619 Ρ

559 2665 722 2740 ‘Iam
767 2688 925 2740 vero
967 2663 1030 2737 si
1082 2661 1212 2737 hoc
1259 2661 1616 2738 codicibus
1663 2663 2046 2738 necessario
2094 2687 2238 2738 non
2285 2663 2601 2752 efficitur,
2658 2666 2872 2740 modo
2912 2689 3002 2739 ne
3046 2665 3135 2740 de
3178 2665 3496 2741 codicum
3541 2673 3613 2740 et

565 2783 736 2860 iuris
784 2807 942 2860 vera
985 2781 1496 2858 necessitudine
1541 2780 1616 2856 in
1659 2805 1882 2856 errore
1933 2791 2288 2858 versentur
2325 2782 2459 2856 Icti
2480 2839 2501 2869 ,
2542 2783 2820 2856 nonnisi
2860 2783 3223 2858 commoda
3264 2783 3613 2859 doctrinae

563 2927 690 3002 per
749 2903 876 2978 hos
939 2899 1168 2978 afferri
1228 2925 1428 3000 posse
1491 2899 1690 2976 facile
1749 2907 1858 2974 est
1915 2903 2010 2976 ad
2067 2901 2643 3002 perspiciendum.
2756 2905 3002 2981 Quum
3066 2904 3253 2978 enim
3312 2904 3617 2978 cuiusvis

568 3020 970 3122 disciplinae
1013 3020 1396 3122 plurimum
1438 3021 1711 3097 intersit
1757 3030 1842 3096 ut
1889 3022 2094 3098 certis
2135 3022 2556 3122 quibusdam
2602 3024 2931 3124 temporis
2968 3024 3339 3098 momentis
3382 3025 3613 3124 explo-

568 3149 760 3220 retur
815 3150 1026 3243 atque
1087 3149 1472 3242 exponatur
1523 3151 1868 3243 quatenus
1913 3143 2196 3220 interior
2247 3143 2398 3219 eius
2445 3144 2750 3243 cognitio
2791 3143 3189 3244 profecerit,
3238 3145 3411 3244 quid
3456 3169 3619 3221 con·

571 3269 755 3339 stare
809 3262 1145 3353 videatur,
1204 3263 1380 3362 quid
1441 3263 1640 3340 dubii
1655 3322 1676 3352 ,
1733 3265 2011 3340 obscuri
2029 3323 2050 3352 ,
2089 3264 2360 3340 confusi
2403 3273 2795 3354 remaneat,
2845 3289 3067 3364 quave
3112 3274 3307 3362 parte
3353 3291 3395 3340 a
3435 3273 3623 3342 recta

568 3381 680 3457 via
743 3382 1118 3458 decedatur
1136 3440 1157 3471 ‚
1221 3384 1486 3482 optima
1561 3409 1726 3460 sane
1790 3386 2054 3459 ratione
2102 3385 2370 3460 codices
2439 3410 2523 3460 eo
2577 3385 2961 3460 inserviunt
3018 3393 3101 3460 ut
3158 3385 3380 3483 ipsius
3450 3385 3625 3491 iuris

543 3501 984 3578 ,conditionis
1046 3502 1248 3602 quasi
1314 3503 1491 3578 ratio
1545 3503 1878 3579 reddatur
1921 3510 1992 3579 et
2033 3512 2444 3602 conspectus
2496 3504 2721 3581 detur.
2822 3505 2937 3578 Sic
2956 3563 2977 3592 ,
3026 3504 3152 3578 ubi
3196 3506 3623 3581 attendimus

572 3622 957 3698 miserrima
1021 3647 1200 3722 quae
1265 3621 1402 3698 fuit
1457 3622 1808 3696 doctrinae
1873 3623 2178 3697 conditio
2237 3632 2402 3698 ante
2467 3624 2737 3700 codices
2795 3624 3111 3698 conditos
3176 3625 3277 3698 ita
3337 3625 3621 3721 quidem

573 3748 658 3816 ut
731 3765 964 3817 revera
1037 3741 1262 3839 ipsam
1343 3741 1702 3814 materiem
1771 3764 1912 3814 non
1979 3740 2276 3840 amplius
2336 3749 2655 3840 regerent
2721 3743 2856 3816 Icti
2874 3799 2893 3830 ,
2958 3742 3119 3815 novi
3186 3742 3289 3816 illi
3356 3743 3625 3818 codices

572 3860 938 3961 egregium
997 3858 1348 3936 doctrinae
1397 3860 1890 3960 praestiterunt
1936 3861 2274 3936 auxilium
2325 3885 2466 3960 quo
2506 3861 2831 3936 amissam
2882 3871 3327 3960 recuperaret
3384 3870 3619 3938 aucto·
3690 3909 3698 3916 -

575 3981 852 4057 ritatem
868 4039 889 4070 ,
950 4005 1112 4057 cum
1180 3980 1382 4079 quasi
1441 4003 1700 4056 novum
1769 3969 1878 4056 ¹vel
1942 3988 2348 4056 renovatum
2409 3983 2841 4059 continerent
2908 3981 3441 4059 fundamentum
3506 3985 3621 4060 cui

577 4101 750 4180 iuris
795 4099 1190 4178 aedificium
1235 4107 1704 4201 superstruere
1752 4108 2118 4203 pergerent
2163 4100 2320 4178 Icti.

681 4345 878 4418 Inter
915 4368 1178 4444 paucos
1221 4343 1346 4443 qui
1389 4343 1462 4420 in
1495 4343 1724 4420 Gallia
1761 4343 1980 4419 codici
2021 4343 2204 4420 civili
2241 4343 2669 4419 conficiendo
2707 4345 3247 4422 adversabantur
3264 4402 3285 4435 ‚
3332 4345 3621 4420 fuerunt

581 4464 844 4561 quibus
903 4464 1138 4563 potius
1197 4465 1456 4540 sensim
1519 4465 1632 4540 ius
1687 4464 1884 4540 civile
1933 4465 2418 4563 refingendnm
2465 4464 2814 4540 videretur
2830 4523 2851 4553 ,
2912 4467 3012 4541 ita
3065 4475 3145 4540 ut
3190 4465 3277 4540 de
3328 4465 3623 4563 singulis

588 4585 1018 4684 argumentis
1041 4642 1060 4671 ,
1109 4584 1342 4684 prouti
1393 4585 1637 4660 aetatis
1691 4587 1866 4661 ratio
1913 4586 2121 4662 ferret
2171 4593 2384 4684 atque
2443 4587 2922 4685 opportunitas
2940 4645 2961 4676 ,
3009 4587 3197 4686 leges
3244 4585 3621 4660 conderen-

586 4709 726 4780 tur.
821 4705 922 4780 At
970 4705 1106 4780 nisi
1150 4705 1503 4781 absolutos
1548 4729 1628 4782 ac
1671 4706 2007 4806 perfectos
2049 4707 2318 4783 codices
2365 4705 2679 4782 conditos
2722 4705 2961 4781 credas
2980 4763 3000 4796 ,
3044 4706 3181 4806 ipsi
3220 4705 3625 4782 huiusmodi

589 4824 1058 4902 reformationi
1119 4823 1619 4926 impedimento
1685 4825 1875 4905 haud
1931 4835 2133 4920 sunt;
2191 4828 2334 4906 imo
2399 4851 2559 4904 vero
2610 4827 2951 4904 efficacius
3012 4825 3203 4904 illam
3272 4827 3347 4902 in
3417 4851 3624 4904 usum
