4934 6184
1735 672 2293 742 ORATIO.
2914 664 2943 722 ·‘
3458 669 3541 738 93

511 907 662 958 esse
733 883 840 957 vel
899 903 1224 982 apparere
1291 879 1462 956 iuris
1518 881 1956 982 principium.
2053 884 2253 958 Bona
2301 905 2527 982 neque
2580 885 3069 956 conservantur
3119 879 3193 952 in
3242 877 3500 954 familia
3518 936 3539 966 ,

513 1027 738 1101 neque
785 1019 790 1026 ·
795 1003 1112 1102 proximo
1173 1002 1281 1078 vel
1345 1001 1794 1079 adscendenti
1841 1003 1950 1079 vel
1999 1004 2366 1080 collaterali
2415 1003 2822 1078 deferuntur
2837 1059 2859 1090 ‚
2909 999 3031 1074 sed
3078 998 3367 1074 dimidia
3411 998 3538 1075 bo·

514 1148 764 1198 norum
831 1147 992 1223 pars
1058 1122 1372 1221 proximo
1391 1179 1411 1211 ,
1481 1121 1622 1198 sive
1693 1123 2142 1198 adscendenti
2207 1123 2350 1198 sive
2401 1121 2772 1198 collaterali
2792 1179 2811 1209 ,
2870 1119 2947 1194 in
2992 1119 3174 1194 linea
3214 1125 3499 1218 paterna
3519 1177 3541 1208 ,

519 1243 808 1320 dimidia
855 1242 1170 1344 proximo
1217 1242 1292 1317 in
1339 1242 1524 1318 linea
1566 1247 1878 1320 materna
1924 1243 2232 1318 defertur
2247 1303 2268 1333 ,
2315 1243 2416 1318 ita
2463 1251 2545 1316 ut
2586 1240 3083 1317 remotissimus
3134 1264 3337 1339 saepe
3380 1263 3543 1314 cum

515 1362 828 1464 proximo
849 1421 870 1452 ,
937 1363 1108 1462 quin
1158 1387 1342 1438 unus
1391 1361 1689 1438 subinde
1751 1363 2254 1439 remotissimus
2315 1387 2478 1438 cum
2530 1362 2850 1462 pluribus
2897 1360 3226 1460 proximis
3274 1358 3543 1434 heredi-

513 1481 680 1558 tatis
742 1483 1101 1583 aequalem
1158 1491 1426 1583 partem
1493 1482 1738 1582 capiat.
1859 1484 2154 1584 Egregie
2224 1507 2388 1559 sane
2450 1477 2580 1558 hoc
2635 1483 2813 1557 valet
2863 1481 2953 1556 ad
3012 1478 3543 1573 comminuenda

513 1602 1120 1703 dispertiendaque
1187 1603 1712 1702 locupletiorum
1779 1602 2226 1701 patrimonia3
2301 1602 2514 1700 idque
2587 1600 2861 1700 probari
2932 1601 3160 1700 potuit
3231 1607 3541 1699 tempore

514 1723 822 1799 Gallicae
875 1723 1061 1798 illius
1102 1745 1331 1797 rerum
1379 1722 1836 1798 conversionis
1887 1730 2048 1796 ante
2093 1722 2218 1796 hos
2271 1718 2628 1822 sexaginta
2680 1747 2899 1798 annos
2947 1721 3167 1796 factae
3186 1779 3207 1809 ‚
3261 1719 3385 1796 sed
3401 1779 3422 1809 ,
3472 1720 3546 1793 in

515 1842 744 1920 Gallia
811 1866 1014 1942 aegre
1071 1843 1584 1936 conservatum,
1631 1842 1722 1917 'in
1773 1841 2079 1918 codicem
2131 1849 2450 1918 nostrum
2498 1843 2781 1917 omnino
2826 1865 2967 1916 non
3020 1848 3167 1916 erat
3211 1841 3565 1940 recipien-·

514 1961 708 2036 dum.
809 1961 1006 2040 Quid
1058 1960 1248 2058 quod
1308 1959 1424 2048 id,
1493 1959 1682 2058 quod
1732 1984 1858 2059 per
1919 1985 1992 2033 se
2052 1961 2190 2035 iam
2252 1961 2421 2036 satis
2469 1967 2617 2036 erat
2669 1987 2915 2060 grave,
2981 1953 3283 2035 deterius
3332 1959 3542 2034 etiam

513 2079 962 2156 reddiderunt
1025 2086 1362 2154 nostrates
1375 2137 1400 2182 ,³
1466 2078 1750 2154 inducta
1805 2082 2426 2176 repraesentatione
2476 2075 2780 2180 quadam
2828 2081 3315 2154 collateralium
3335 2136 3356 2166 ‚
3407 2100 3546 2177 qua

513 2199 804 2300 proximi
863 2200 952 2275 ab
1020 2200 1346 2274 intestato
1408 2200 1482 2272 in
1532 2223 1808 2298 quaque
1860 2198 2042 2274 linea
2089 2201 2315 2299 portio
2365 2225 2603 2278 rursus
2653 2199 3025 2274 dividenda
3070 2198 3161 2272 sit
3208 2223 3372 2272 cum
3427 2198 3546 2271 de·

519 2319 1006 2396 scendentibus
1039 2318 1268 2394 fratris
1310 2318 1417 2394 vel
1455 2319 1702 2394 sororis
1739 2319 1925 2393 illius
1965 2321 2088 2419 qui
2119 2321 2268 2395 iure
2294 2321 2753 2420 proximitatis
2775 2318 3228 2393 hereditatem
3254 2317 3545 2392 obtinet.

516 2439 728 2520 Quod
769 2463 1029 2514 novum
1068 2439 1240 2514 iuris
1282 2447 1725 2538 praeceptum
1772 2439 1874 2514 ita
1913 2439 2347 2538 negligenter
2379 2449 2489 2516 est
2527 2441 2894 2515 definitum
2916 2499 2935 2527 ,
2990 2447 3067 2512 ut
3108 2463 3195 2513 ex
3232 2437 3552 2539 pluribus

513 2560 823 2635 eiusdem
878 2559 1140 2659 gradus
1191 2565 1402 2657 atque
1456 2557 1676 2633 lineae
1729 2559 2234 2633 collateralibus
2285 2559 2462 2634 alter
2516 2561 2701 2635 solus
2748 2583 2948 2634 suam
2995 2558 3381 2656 portionem
3426 2556 3548 2632 ob·

515 2680 734 2754 tinere
755 2737 776 2767 ‚
845 2681 1018 2754 alter
1082 2702 1236 2754 eam
1299 2703 1462 2754 cum
1531 2677 2112 2754 descendentibus
2179 2704 2266 2753 ex
2325 2679 2533 2754 fratre
2596 2678 2701 2754 vel
2746 2674 2973 2754 sorore
3022 2677 3205 2753 natis
3250 2670 3552 2752 dividere
3692 2746 3697 2754 .

519 2798 858 2874 videatur.

617 3035 758 3110 Sed
819 3037 986 3111 haec
1047 3037 1330 3170 quidem
1397 3036 1791 3127 sufficiunt,
1852 3039 2039 3114 unde
2097 3045 2425 3139 appareat
2467 3064 2607 3115 non
2650 3040 2883 3126 omnia
2924 3064 3143 3138 aeque
3193 3038 3559 3172 diligenter

515 3163 728 3253 atque
773 3155 1190 3254 eleganter
1169 3180 1243 3229 ιιι
1293 3155 1648 3232 codicibus
1699 3159 1950 3234 nostris
1991 3159 2304 3286 exposita
2349 3183 2506 3234 esse
2560 3168 2630 3235 et
2672 3159 3031 3259 explicata.
3130 3159 3294 3232 Non
3337 3157 3556 3232 mino·

515 3275 612 3348 ris
681 3282 913 3349 autem
985 3275 1321 3349 momenti
1383 3283 1501 3351 est
1549 3276 1846 3352 alterum
1915 3277 2082 3366 hoc,
2147 3279 2277 3353 non
2326 3283 2500 3355 satis
2546 3281 2757 3377 plene
2814 3283 2889 3352 in
2936 3280 3269 3352 codicibus
3312 3281 3561 3352 nostris

521 3396 724 3469 totius
765 3396 940 3468 iuris
969 3396 1373 3470 delineatum
1413 3399 1944 3498 descriptumque
1971 3423 2116 3474 esse
2137 3401 2477 3478 ambitum.
2575 3395 2777 3490 Quod
2814 3425 2975 3475 cum
3020 3399 3215 3485 dico,
3260 3425 3299 3471 e
3323 3389 3555 3473 codice

515 3513 800 3612 quidem
843 3511 1028 3590 civili
1085 3515 1226 3590 fere
1273 3514 1610 3592 omissum
1661 3517 1886 3592 locum
1942 3519 2170 3617 cogito
2223 3519 2310 3593 de
2347 3545 2650 3618 persona
2694 3524 2837 3595 sive
2863 3523 3039 3623 ficta
3086 3521 3229 3593 sive
3278 3517 3519 3590 morali
3539 3576 3556 3605 ,

521 3659 696 3732 quae
759 3643 992 3710 tamen
1053 3633 1166 3710 vix
1215 3635 1504 3711 minoris
1551 3638 1888 3713 momenti
1935 3639 2163 3715 locum
2208 3647 2500 3738 occupat
2522 3698 2543 3728 ‚
2591 3664 2801 3739 quam
2863 3663 3156 3738 persona
3200 3636 3554 3712 naturalis.

517 3755 604 3828 In
659 3753 902 3854 primis
946 3778 1104 3829 vero
1149 3753 1455 3830 codicem
1504 3758 1989 3833 mercator-ium
2037 3758 2264 3857 cogito
2284 3817 2304 3847 ,
2357 3759 2481 3857 qui
2518 3767 2773 3833 tamem
2801 3751 3207 3858 gravissima
3243 3757 3411 3830 iuris
3442 3779 3553 3828 ca-

519 3873 666 3972 pita
722 3873 1030 3948 continet
1048 3932 1070 3963 ‚
1136 3899 1216 3950 ac
1267 3874 1470 3975 longe
1511 3876 1712 3975 plura
1757 3901 1968 3976 quam
2011 3879 2200 3952 ullus
2248 3880 2425 3953 alius
2445 3936 2467 3967 ,
2511 3903 2650 3977 qua
2695 3885 2887 3976 patet
2934 3877 3213 3975 Europa
3233 3934 3253 3965 ‚
3295 3897 3553 3949 merca-

521 3981 762 4070 torius'
792 3993 1030 4069 codex.
1147 3993 1421 4068 Scilicet
1480 3995 1849 4093 primarius
1917 3998 2099 4072 inter
2157 3999 2569 4072 mercatores
2632 4005 2705 4071 et
2764 3995 3341 4072 celebratissimus
3393 4018 3553 4069 con·

519 4122 780 4192 tractus
825 4118 1038 4216 'emtio
1085 4121 1195 4189 est
1245 4123 1316 4188 et
1371 4117 1666 4192 venditio
1685 4173 1706 4204 ,
1763 4117 1862 4192 ita
1903 4116 2186 4215 quidem
2209 4175 2229 4205 ,
2281 4126 2360 4192 ut
2412 4118 2487 4192 in
2535 4117 2835 4192 emtione
2892 4141 3054 4192 cum
3109 4117 3341 4192 animo
3394 4141 3553 4191 ven-

522 4236 740 4312 dendi
783 4244 908 4310 aut
957 4233 1230 4310 locandi
1275 4233 1426 4333 ipsa
1469 4234 1658 4309 notio
1700 4244 2000 4334 ponatur
2057 4243 2248 4310 actus
2301 4239 2704 4310 mercatorii‘
2728 4236 2999 4335 proprie
3060 4235 3156 4310 sic
3216 4235 3419 4308 dicti:
3484 4243 3557 4307 et

523 4356 632 4430 vel
669 4357 768 4430 sic
810 4362 1044 4430 tamen
1086 4355 1174 4429 de
1215 4353 1549 4445 emtione,
1570 4354 2076 4432 venditionein
2109 4356 2511 4431 mercatorio
2538 4357 2771 4432 codice
2790 4353 2895 4432 ne
2926 4349 3214 4431 verbum
3236 4351 3549 4452 quidem!

521 4475 716 4556 Quid
759 4475 1016 4550 mirum
1070 4474 1286 4574 igitur
1303 4533 1324 4563 ,
1385 4475 1447 4549 si
1496 4474 1585 4549 de
1637 4475 1962 4549 mercibus
1976 4531 1997 4562 ,
2054 4497 2430 4572 earumque
2482 4473 2589 4548 vel
2640 4476 3007 4548 traditione
3050 4472 3155 4546 vel
3195 4472 3516 4546 evictione
3532 4529 3551 4558 ,

521 4620 724 4696 saepe
785 4594 1046 4670 incidat
1093 4594 1456 4693 quaestio?
1553 4595 1785 4669 Emtio
1838 4577 2143 4669 venditio
2187 4596 2262 4668 in
2313 4597 2485 4668 diem
2506 4651 2527 4682 ,
2584 4617 2801 4691 eaque
2852 4617 3031 4691 quae
3080 4592 3198 4665 sub
3238 4594 3551 4688 praemio

519 4717 620 4792 ita
655 4715 1084 4790 contrahitur
1102 4772 1124 4804 ‚
1178 4721 1258 4790 ut
1297 4713 1390 4789 ab
1430 4713 1642 4790 altera
1685 4721 1879 4814 parte
1917 4713 2249 4811 obligatio
2291 4713 2493 4786 firma
2536 4711 2661 4800 sit,
2708 4711 2797 4786 ab
2836 4710 3049 4786 altera
3090 4709 3553 4810 poenitentiae

519 4838 610 4912 sit
655 4837 846 4914 locus
859 4895 882 4926 ‚
941 4861 1031 4911 ne
1079 4842 1654 4942 commemoratur
1713 4833 2020 4933 quidem.
2145 4832 2253 4908 De
2279 4831 2816 4932 'opptynorandis
2860 4833 3183 4910 mercibus
3235 4831 3343 4908 vel
3390 4829 3549 4930 apo·
3692 4865 3704 4882 ·
