4934 6184
1033 1674 1500 1740 ACADEMIAE
1544 1675 2131 1739 GRONINGANAE
2174 1673 2669 1750 CURATORES,
2712 1677 2884 1738 vm
2922 1675 3383 1739 AMPL1ss1M1
3422 1677 3589 1740 om-

1117 1777 1281 1841 um:
1323 1779 1460 1838 ms
1501 1779 1606 1840 AB
1648 1779 1877 1843 Acus
1915 1781 2044 1856 ΕΒ,
2085 1781 2226 1841 vm
2267 1779 2778 1842 enAwssmE!

1036 1927 1509 1990 QUABUMVIS
1573 1929 2202 1993 DISCIPLINARUM
2261 1929 2802 1995 PROFESSORES
2814 1975 2831 2004 ,
2908 1928 3081 1988 VIBI
3142 1927 3591 1989 CLARISSIMI

1115 2029 1802 2092 CONIUNCTISSIMII

1033 2177 1282 2238 HUIUS
1323 2177 1792 2241 ACADEMIAE
1835 2179 2094 2254 CIVES,
2135 2179 2485 2242 IUVENES
2525 2178 2997 2242 LEGTISSIMn

1041 2325 1614 2390 CUIUSCUMQUE
1653 2325 1987 2388 ORDINIS
2026 2327 2130 2388 ET
2168 2326 2395 2400 L001,·
2431 2325 2882 2387 AUDITORES
2916 2322 3552 2386 EXOPTATISSIMII

787 2777 1230 2906 Progressus
1271 2806 1438 2882 facti
1477 2807 1552 2880 in
1597 2805 1870 2881 artibus
1905 2813 1977 2882 et
2025 2805 2406 2906 disciplinis
2425 2863 2444 2895 ,
2494 2805 2914 2882 multifarius
2972 2813 3044 2880 et
3093 2813 3323 2881 rectus
3356 2829 3595 2880 earum

553 2949 726 3002 usus
777 2924 854 3001 in
901 2925 1044 3001 vita
1085 2925 1272 3000 civili
1337 2923 1958 3026 diversissimisque
2005 2926 2156 3001 eius
2205 2924 2717 3002 conditionibus
2733 2984 2756 3016 ,
2816 2925 3083 3001 fructus
3131 2926 3295 3000 inde
3340 2926 3594 3000 redun-

557 3047 806 3121 dantes
857 3045 932 3119 in
988 3044 1352 3121 hominum
1401 3045 1696 3120 salutem
1740 3046 2132 3122 nniversam
2181 3053 2256 3121 et
2293 3045 2565 3128 cultum
2622 3045 2888 3145 ingenii
2905 3104 2925 3135 ,
2974 3047 3169 3122 ecce!
3244 3053 3595 3145 spectacu-

557 3165 710 3240 lum
751 3165 828 3241 in
869 3165 1060 3264 quod
1103 3166 1254 3240 sine
1301 3187 1576 3242 summa
1615 3165 1836 3240 animi
1881 3167 2232 3272 voluptate
2281 3189 2489 3242 nemo
2526 3165 2915 3241 intueatur!

655 3287 743 3358 In
815 3285 1108 3384 singulis
1168 3285 1311 3361 fere
1385 3285 1716 3361 doctrinis
1777 3285 2348 3392 singularumque
2402 3285 2720 3386 partibus
2766 3285 3053 3360 diversis
3072 3345 3092 3376 ‚
3143 3285 3343 3362 annis
3387 3285 3599 3362 huius

557 3404 812 3480 saeculi
879 3404 1243 3503 hucusque
1308 3403 1520 3504 lapsis
1540 3462 1560 3493 ‚
1633 3407 2020 3510 progressio
2037 3465 2060 3496 ‚
2133 3429 2347 3506 quam
2409 3406 2765 3494 volumus,
2838 3406 3201 3482 observata
3259 3413 3407 3495 est3
3472 3430 3600 3482 nec

559 3525 846 3602 minima
884 3547 1050 3600 sane
1091 3524 1168 3598 in
1210 3523 1298 3598 iis
1343 3522 1725 3623 disciplinis
1742 3583 1765 3614 ,
1815 3549 1995 3625 quae
2031 3526 2210 3602 circa
2241 3550 2477 3602 rerum
2512 3533 2835 3602 naturam
2874 3535 3254 3603 versantur.
3326 3527 3600 3602 Multae

556 3669 666 3720 res
731 3645 981 3733 huius,
1047 3667 1190 3742 quo
1261 3643 1554 3719 vivimus
1572 3703 1592 3733 ,
1663 3647 1918 3722 saeculi
1971 3647 2172 3722 initio
2229 3646 2658 3746 incognitae,
2726 3647 3041 3722 detectae
3088 3655 3253 3722 sunt
3302 3654 3376 3720 et
3417 3646 3602 3720 viam

561 3771 986 3853 straverunt,
1052 3787 1195 3862 qua
1239 3763 1638 3840 incedentes
1692 3766 2008 3842 homines
2051 3767 2216 3843 alias
2257 3767 2494 3865 plures
2540 3766 2614 3840 in
2657 3773 3015 3864 posterum
3058 3764 3399 3839 detecturi
3444 3787 3597 3837 esse

437 3905 444 3912 ·
561 3883 944 3959 videantur.

658 4002 861 4079 Laeti
929 4003 1374 4080 observamus
1443 4004 1620 4079 hanc
1692 3999 2092 4077 continuam
2158 4001 2709 4102 progressionem
2774 4001 3292 4102 disciplinarum
3317 4059 3338 4088 ,
3414 3999 3602 4075 unde

565 4123 782 4200 maior
825 4124 946 4198 lux
989 4123 1372 4223 exspectari
1415 4130 1645 4223 potest
1661 4181 1684 4213 ,
1732 4145 1912 4223 quae
1968 4121 2261 4198 nebulas
2309 4123 2817 4222 superstitionis
2862 4129 2933 4198 et
2975 4121 3604 4223 praeiudicatarum

563 4243 970 4342 opinionum
1023 4244 1249 4343 magis
1309 4244 1674 4344 magisque
1728 4241 2076 4319 discutiat.
2177 4241 2320 4316 Sed
2371 4242 2658 4318 reticere
2722 4266 2861 4320 non
2917 4267 3204 4343 possum
3252 4241 3559 4316 dolorem
3578 4297 3601 4326 ‚

565 4387 778 4462 quem
831 4365 1170 4440 sentimus
1187 4423 1207 4454 ,
1265 4363 1391 4438 ubi
1440 4364 1754 4440 videmus
1792 4385 2196 4463 progressus
2243 4363 2398 4438 illos
2439 4363 2960 4465 disciplinarum
3012 4373 3299 4439 naturae
3341 4367 3599 4436 scruta-

563 4491 748 4558 tores
801 4508 882 4559 eo
932 4484 1308 4583 perducere
1326 4541 1347 4571 ,
1416 4492 1498 4558 ut
1539 4491 1734 4559 extra
1775 4482 2032 4558 limites
2077 4483 2351 4584 imperii
2391 4483 2860 4560 doctrinarum
2902 4506 3183 4560 suarum
3216 4487 3599 4579 ‘vagentur3

567 4603 692 4678 ubi
727 4604 1040 4680 videmus
1085 4629 1204 4680 eos
1244 4604 1714 4679 doctrinarum
1758 4627 2043 4680 suarum
2083 4629 2216 4704 ope
2261 4603 2787 4702 quaestionibus
2830 4601 3243 4702 respondere
3284 4599 3563 4674 studere
3581 4659 3601 4687 ‚

565 4747 742 4823 quse
762 4782 783 4813 ,
833 4724 992 4800 licet
1045 4725 1186 4800 sint
1229 4723 1635 4800 coniunctae
1685 4747 1848 4799 cum
1887 4723 2098 4798 rebus
2121 4779 2142 4810 ,
2196 4745 2370 4820 quas
2423 4723 3017 4823 contemplantur,
3067 4729 3302 4799 tamen
3360 4721 3471 4797 via
3532 4728 3603 4795 et

563 4843 826 4920 ratione
871 4843 1337 4922 doctrinarum
1389 4843 1664 4924 illarum
1714 4841 1885 4920 solvi
1929 4840 2337 4941 neutiquam
2389 4849 2709 4943 possunt.
2834 4879 2839 4886 ·
