4934 6184
1779 709 2337 780 ORATIO.
3455 711 3584 778 253

540 947 625 998 ac
686 921 935 998 iudicis
1006 943 1269 996 munus
1338 916 1648 1007 intersit,
1714 942 1805 994 ne
1870 919 2242 1018 legislatori
2308 917 2558 994 delatis
2611 941 2792 1016 quae
2857 916 3106 992 iudicis
3158 917 3296 992 sint
3351 923 3582 1016 partes

540 1042 926 1116 maximum
976 1041 1255 1140 capiant
1306 1038 1421 1112 ius
1464 1045 1535 1112 et
1580 1037 2119 1138 iurisprudentia
2162 1039 2678 1114 detrimentum.

634 1161 951 1235 Eandem
994 1167 1231 1234 autem
1280 1157 1461 1233 viam
1518 1165 1790 1234 secutos
1836 1185 1987 1234 esse
2036 1160 2215 1235 viros
2260 1157 2808 1236 consultissimos
2859 1153 3116 1255 quibus
3157 1154 3362 1253 patrii
3379 1213 3400 1244 ,
3441 1180 3582 1259 quo

536 1279 803 1354 utimur
820 1337 841 1367 ,
902 1279 1159 1353 codicis
1218 1277 1563 1374 condendi
1620 1280 1973 1379 provincia
2036 1281 2367 1355 mandata
2424 1278 2632 1356 fuerit
2691 1277 2917 1352 fusius
2962 1275 3075 1349 hie
3122 1274 3410 1375 probare
3463 1299 3580 1348 ne-

532 1423 725 1474 cesse
785 1399 1069 1497 quidem
1129 1423 1271 1474 non
1336 1399 1487 1475 erit.
1585 1398 1735 1498 Ipsi
1797 1424 1937 1474 non
1990 1407 2269 1476 tantum
2336 1399 2656 1500 pluribus
2727 1397 2894 1472 loeis
2955 1397 3233 1472 easdem
3295 1394 3582 1496 professi

535 1523 701 1590 sunt
732 1518 1107 1592 sententias
1152 1540 1393 1592 verum
1435 1516 1587 1616 ipse
1630 1517 1842 1593 etiam
1890 1517 2109 1592 codex
2154 1518 2331 1593 illud
2393 1519 2562 1594 satis
2615 1541 2958 1619 superque
3003 1517 3346 1606 ostendit,
3376 1517 3584 1592 modo
3615 1523 3620 1528 ’

538 1637 646 1711 vel
692 1637 911 1712 levem
964 1637 1119 1712 eius
1158 1663 1319 1714 cum
1364 1635 1597 1712 codice
1641 1637 1970 1714 Francico
2022 1639 2350 1714 instituas
2393 1640 2997 1738 comparationem.

638 1755 751 1831 Sic
823 1755 1131 1855 profecto
1200 1757 1288 1831 de
1362 1755 1669 1855 operaria
1730 1783 1811 1834 ac
1870 1758 2071 1858 quasi
2132 1759 2529 1835 mechanica
2590 1759 2806 1835 iudici
2865 1758 3284 1866 imponenda
3343 1756 3580 1856 legum

534 1876 991 1976 applicatione
1049 1876 1365 1976 quaestio
1424 1876 1725 1976 amplius
1784 1903 1934 1954 esse
2000 1879 2245 1978 nequit
2311 1903 2542 1978 neque
2601 1878 2949 1954 doctrinae
3001 1876 3337 1952 auxilium
3391 1879 3583 1976 parvi

532 1997 955 2072 aestimatur.
1056 1997 1482 2096 Agnoscitur
1534 1997 1677 2072 imo
1720 1998 2094 2097 requiritur
2114 2058 2135 2088 ‚
2194 2005 2341 2074 tam
2415 1999 2492 2072 in
2565 1998 2975 2098 applicando
3039 2005 3112 2071 et
3177 1996 3582 2096 explicando

532 2140 746 2215 quam
788 2116 871 2190 in
908 2117 1295 2216 supplendo
1322 2115 1591 2204 codiee,
1644 2114 1999 2191 doctrinae
2044 2116 2417 2191 auctoritas
2437 2173 2458 2202 ‚
2513 2139 2733 2213 quum
2777 2123 3014 2190 contra
3055 2115 3366 2190 codicum
3421 2139 3580 2189 con·

532 2235 915 2310 dandorum
959 2235 1231 2334 patroni
1272 2235 1402 2310 hoc
1439 2233 1675 2333 ipsum
1722 2233 1997 2310 illorum
2043 2233 2490 2309 commodum
2534 2233 2680 2309 fore
2723 2234 3097 2322 ducerent,
3149 2242 3230 2308 ut
3275 2234 3586 2309 doctrina

406 2367 413 2374 ’
528 2354 637 2428 ius
684 2355 879 2430 civile
929 2355 1122 2429 haud
1168 2354 1547 2453 indigeret.

626 2471 903 2550 Quodsi
951 2497 1107 2548 vera
1153 2479 1319 2546 sunt
1362 2495 1541 2572 quae
1584 2471 1673 2547 de
1701 2471 1831 2547 hoc
1870 2471 2277 2570 gravissimo
2316 2470 2672 2547 observavi
2719 2495 2942 2546 errore
2958 2530 2979 2561 ,
3027 2479 3135 2546 est
3177 2496 3345 2547 sane
3390 2475 3582 2571 quod

532 2615 947 2691 magnopere
1020 2592 1459 2692 gaudeamus
1476 2649 1497 2680 ,
1570 2615 1711 2666 non
1771 2592 1947 2666 illud
2026 2591 2271 2668 saltem
2342 2592 2580 2690 legum
2643 2591 2916 2666 codices
2988 2591 3190 2666 nobis
3265 2593 3580 2667 attulisse

531 2711 977 2788 commodum
994 2770 1015 2800 ,
1065 2711 1258 2812 quod
1312 2711 1638 2790 codicum
1690 2713 1997 2811 patronis
2047 2736 2405 2789 summum
2454 2737 2536 2788 ac
2582 2710 2988 2810 primarium
3031 2719 3136 2786 est
3187 2711 3438 2788 visum.

624 2951 1007 3028 Videamus
1068 2947 1245 3029 iam'
1278 2977 1420 3052 quo
1486 2977 1699 3029 sensu
1768 2953 2209 3028 incommoda
2271 2953 2361 3028 ab
2428 2951 2833 3028 adversariis
2897 2951 3216 3026 codicum
3274 2952 3586 3050 praevisa

530 3095 856 3170 magnam
918 3079 1193 3172 partem
1236 3097 1471 3150 revera
1519 3097 1645 3174 pro
1708 3074 2090 3149 commodis
2148 3072 2470 3149 habenda
2523 3073 2635 3148 vel
2689 3072 2766 3146 in
2818 3072 3008 3147 lucro
3057 3073 3379 3170 ponenda
3423 3071 3582 3148 sint.

528 3187 607 3262 Si
655 3200 891 3267 autem
942 3193 1016 3268 in
1061 3193 1191 3268 hac
1238 3194 1579 3270 sententia
1620 3194 2029 3293 exponenda
2067 3195 2575 3269 Germanorum
2619 3191 2937 3293 inprimis
2979 3191 3134 3266 lites
3167 3215 3538 3291 respexero
3559 3251 3580 3280 ,

528 3332 679 3384 non
738 3319 845 3386 est
908 3313 1101 3411 quod
1158 3313 1543 3404 miremini,
1615 3313 2179 3414 quandoquidem
2236 3314 2325 3390 ab
2376 3313 2488 3388 his
2537 3294 2822 3387 demum
2869 3313 3274 3412 gravissima
3318 3312 3578 3387 incom-

528 3429 748 3512 moda
792 3430 865 3504 in
912 3430 1139 3508 lucem
1172 3425 1447 3532 prodita
1486 3441 1653 3508 sunt
1667 3490 1690 3523 ,
1738 3459 1867 3509 nec
1907 3443 2136 3509 tamen
2170 3433 2395 3534 ipsius
2428 3431 2686 3509 codicis
2725 3431 3208 3532 Napoleontiei
3240 3432 3580 3510 rationem

528 3547 778 3624 habere
828 3550 1301 3650 neglexerunt.

622 3669 858 3742 Primo
904 3677 1141 3744 autem
1190 3672 1339 3744 loco
1389 3675 1778 3747 maximum
1831 3674 2070 3770 legum
2116 3673 2389 3746 codices
2449 3673 2904 3748 commodum
2959 3672 3274 3744 attulisse
3331 3695 3576 3744 censeo

528 3793 813 3886 propter
840 3786 1074 3886 ipsum
1100 3787 1277 3862 illud
1303 3789 1721 3890 principium
1755 3789 1967 3888 quod,
1994 3811 2216 3887 quum
2244 3789 2566 3864 codicum
2593 3789 3112 3864 condendorum
3144 3790 3576 3888 propositum

528 3931 743 4006 quam
800 3906 1101 3983 maxime
1156 3907 1276 3982 illo
1326 3907 1535 3983 inniti
1585 3909 1933 3985 videretur
1949 3968 1970 3999 ,
2020 3908 2409 3984 fautoribus
2460 3932 2626 4009 prae
2675 3905 2962 3982 caeteris
3009 3907 3177 3982 vitio
3225 3917 3574 3983 verterunt

527 4025 931 4102 adversarii:
1006 4026 1427 4128 principium
1492 4037 1667 4130 puto
1684 4088 1705 4118 ‚
1780 4029 2165 4104 secundum
2226 4028 2417 4128 quod
2479 4051 2686 4102 omne
2749 4026 2861 4100 ius
2917 4033 3154 4102 manat
3212 4052 3300 4102 ex
3357 4027 3572 4103 libero

526 4143 937 4244 legislatoris
1002 4145 1285 4222 arbitrio
1342 4146 1639 4246 ideoque
1706 4147 1935 4222 omnis
2002 4145 2314 4222 doctrina
2384 4145 2476 4222 ad
2535 4147 2714 4223 solas
2771 4147 2958 4247 leges
3019 4157 3128 4224 est
3193 4148 3566 4227 referenda.

528 4263 991 4340 Memineritis
1016 4264 1205 4340 enim
1220 4323 1241 4354 ,
1272 4265 1360 4343 A.
1384 4267 1505 4356 A.,
1528 4269 1717 4345 hunc
1760 4293 2055 4344 errorem
2098 4269 2193 4343 ad
2232 4267 2706 4345 maturitatem
2746 4267 3150 4369 perduxisse
3197 4269 3572 4344 sublimem

530 4383 722 4458 illam
796 4409 839 4460 a
910 4384 1352 4460 celeberrimo
1422 4387 1733 4464 Savnuo
1800 4387 2183 4490 expositam
2246 4397 2319 4464 et
2380 4381 2792 4488 explicatam
2865 4388 3010 4462 imo
3074 4388 3306 4462 denuo
3372 4388 3574 4485 quasi

532 4504 901 4578 revelatam
968 4504 1323 4578 veritatem
1346 4563 1367 4593 ‚
1431 4531 1608 4605 quae
1677 4507 1791 4584 ius
1852 4532 1993 4584 non
2044 4508 2407 4584 hominum
2462 4534 2613 4586 esse
2661 4510 3022 4582 inventum
3073 4507 3196 4582 sed
3241 4507 3570 4605 temporis

528 4647 711 4722 opus
760 4647 910 4696 esse
956 4621 1193 4710 docet,
1259 4632 1331 4699 et
1384 4649 1545 4702 cum
1593 4627 1745 4724 ipso
1798 4629 2057 4728 populo
2101 4634 2347 4701 natum
2394 4651 2544 4702 sese
2598 4629 2704 4701 uti
2751 4627 3086 4724 populum
3137 4626 3566 4724 explicuisse.

633 4743 741 4818 At·
782 4741 957 4816 forte
1011 4742 1167 4839 quis
1212 4740 1526 4818 obiiciat:
1588 4769 1819 4820 nonne
1862 4746 2081 4844 ipsius
2126 4745 2311 4820 illius
2360 4744 2668 4820 veritatis
2715 4743 3168 4819 necessariam
3206 4745 3564 4824 Savmms

538 4860 827 4960 probare
881 4859 1151 4936 studuit
1201 4884 1353 4935 esse
1404 4862 1961 4962 consequentiam
2012 4871 2315 4940 nostram
2363 4863 2542 4938 hanc
2587 4872 2886 4942 aetatem
2933 4865 3166 4965 legum
3215 4865 3566 4944 codicibus

2525 5187 2572 5214 N
