4934 6184
1729 691 2338 758 ·0RAT10.
3458 691 3586 758 235

553 903 782 978 dinem
855 899 1248 976 describant
1267 958 1286 988 ,
1351 899 1576 976 multa
1639 899 1898 976 habent
1915 959 1936 988 ‚
2007 925 2184 1001 quae
2251 924 2392 976 non
2465 907 2607 976 tam
2678 907 2845 976 sunt
2914 900 3030 975 sni
3086 922 3301 998 quam
3352 899 3581 976 omnis

552 1014 882 1120 temporis
939 1029 1014 1096 et
1079 1019 1318 1120 populi
1335 1053 1354 1107 ;
1419 1020 1722 1094 humane
1767 1018 1891 1118 qui
1933 1019 2178 1106 sentit,
2225 1019 2499 1096 etiamsi
2546 1045 2793 1120 parum
2834 1021 2909 1094 in
2952 1019 3313 1119 antiquam
3366 1019 3577 1094 vitam

547 1165 622 1214 se
667 1139 1156 1226 insinuaverit,
1179 1139 1374 1214 baec
1415 1139 1814 1236 comprobet
1855 1162 2134 1214 necesse
2181 1146 2306 1215 est.

647 1261 740 1334 Et
807 1283 966 1336 vero
1027 1259 1238 1336 habet
1295 1260 1424 1334 hoc
1481 1259 1766 1334 historia
1815 1259 2131 1336 Romana
2148 1317 2169 1346 ,
2239 1271 2319 1334 ut
2371 1260 2594 1336 multo
2645 1259 2915 1336 facilius
2960 1261 3051 1336 ad
3096 1259 3215 1338 illa
3258 1269 3569 1358 tempora

547 1378 960 1478 cogitatione
1023 1379 1264 1455 redeas
1283 1438 1301 1466 ,
1377 1379 1552 1478 quia
1611 1379 2082 1455 Romanorum
2155 1402 2293 1454 una
2365 1388 2473 1460 est
2544 1381 2785 1456 civitas
2856 1381 3078 1456 multo
3156 1380 3381 1480 magis
3452 1379 3563 1452 sui

548 1500 790 1574 similis
825 1509 900 1574 et
947 1499 1226 1598 cognita
1246 1556 1266 1587 ,
1316 1522 1527 1597 quam
1577 1497 1836 1573 multae
1875 1498 2238 1596 variaeque
2279 1496 2591 1572 civitates
2608 1556 2629 1585 ,
2678 1523 2803 1596 per
2850 1521 3025 1598 quas
3058 1500 3333 1574 Graeca
3370 1496 3559 1572 natio

547 1643 782 1718 sparsa
843 1619 996 1693 fuit.
1099 1619 1322 1718 Prope
1382 1619 1472 1693 ab
1543 1619 1701 1692 ortu
1759 1641 1990 1692 rerum
2046 1617 2521 1693 Romanarum
2569 1642 2791 1717 usque
2838 1619 2931 1693 ad
2980 1618 3347 1716 imperium
3400 1641 3559 1693 con-

547 1738 868 1812 stitutum
933 1736 1174 1812 civitas
1229 1739 1304 1812 in
1359 1763 1502 1813 uno
1553 1737 1838 1813 consilio
1881 1745 2288 1836 perseverat.
2387 1737 2475 1811 In
2530 1737 2911 1814 Samnitico
2958 1736 3139 1815 bello
3186 1745 3258 1812 et
3294 1736 3369 1811 in
3416 1738 3559 1812 Pu-

545 1858 720 1932 nicis
765 1857 1057 1933 eandem
1095 1859 1286 1934 illam
1331 1857 1974 1958 magnanimitatem
2021 1865 2094 1932 et
2135 1857 2466 1956 pietatem
2506 1858 2715 1932 nullis
2754 1858 3074 1958 periculis
3112 1856 3566 1933 succumben-

547 1987 690 2052 tem
747 1978 1252 2054 animadvertas
1269 2037 1288 2066 ,
1349 2005 1530 2078 quae
1591 2003 1822 2077 neque
1879 2003 2042 2054 cum
2105 1977 2422 2052 libertate
2474 1977 2729 2052 amissa
2774 1976 3011 2052 statim
3056 1975 3523 2075 exstinguitur
3540 2035 3561 2062 ,

547 2108 618 2170 et
683 2098 884 2196 quasi
945 2098 1214 2172 conscia
1276 2098 1584 2172 muneris
1649 2096 2010 2172 cuiusdam
2079 2095 2214 2170 sibi
2281 2095 2616 2170 divinitus
2684 2095 2993 2194 impositi
3056 2096 3425 2194 imperium
3488 2097 3561 2170 in

545 2224 840 2290 remotas
891 2216 1204 2290 extendit
1251 2238 1405 2290 oras
1425 2273 1446 2302 ,
1495 2215 1612 2292 cui
1659 2213 1832 2288 nihil
1871 2213 2008 2288 nisi
2051 2214 2390 2288 terminus
2429 2213 2679 2288 mundi
2718 2213 3013 2288 obsistit.
3115 2213 3299 2286 Iuris
3326 2215 3563 2312 aequi·

547 2335 848 2434 tatisque
911 2359 1153 2410 norma
1213 2341 1570 2423 constans;
1633 2334 1986 2433 regiminis
2045 2342 2278 2408 autem
2339 2333 2563 2410 forma
2581 2391 2600 2421 ,
2668 2333 2925 2408 sensim
2973 2332 3093 2406 illa
3138 2330 3568 2432 temporibus

547 2453 1059 2530 accommodata
1077 2511 1098 2540 ,
1147 2453 1368 2528 multa
1395 2462 1628 2528 tamen
1655 2452 1909 2527 retinet
1936 2452 2370 2552 antiquitatis
2397 2450 2729 2528 vocabula
2756 2457 2828 2528 et
2853 2452 3195 2528 instituta.
3272 2453 3568 2529 Eadem·

549 2597 686 2672 que
743 2570 1196 2647 similitudine
1259 2572 1498 2671 lingua
1552 2572 1804 2661 Latina
1864 2571 2198 2672 paulatim
2257 2595 2422 2647 sane
2465 2571 2889 2650 conformata
2936 2578 3043 2646 est
3092 2577 3167 2644 et
3207 2571 3431 2647 efficta
3478 2573 3569 2648 ad

547 2692 896 2791 exemplar
955 2693 1374 2766 Graecorum
1396 2749 1415 2779 ,
1479 2693 1700 2768 multo
1762 2700 1996 2785 tamen
2044 2692 2382 2766 minorem
2429 2690 2641 2766 habet
2690 2699 3083 2790 temporum
3128 2696 3199 2766 et
3238 2690 3563 2767 dialecto·

545 2835 702 2886 rum
767 2810 1185 2886 varietatem.
1286 2810 1568 2892 Quibus
1620 2810 1682 2885 si
1734 2809 2084 2885 addideris
2107 2867 2128 2899 ,
2178 2809 2370 2908 quod
2419 2809 2895 2884 Romanorum
2932 2809 3163 2884 cultus
3204 2816 3276 2885 et
3316 2808 3561 2886 huma·

547 2931 728 3006 nitas
777 2930 1002 3005 multo
1047 2953 1176 3004 nos
1226 2930 1509 3029 propius
1556 2928 1916 3028 attingunt
1963 2935 2034 3002 et
2083 2927 2158 3001 in
2207 2927 2348 3004 vita
2394 2936 2466 3001 et
2512 2927 2771 3030 linguis
2826 2928 3239 3028 populorum
3288 2929 3573 3010 Germa-

547 3073 794 3124 norum
839 3050 1064 3124 multo
1103 3048 1378 3125 altiores
1415 3047 1678 3124 radices
1716 3054 2048 3182 egerunt,
2097 3071 2308 3144 quam
2339 3049 2797 3139 Graecorum,
2832 3047 3259 3148 intelligetur
3272 3105 3293 3137 ,
3326 3071 3525 3148 spero
3545 3107 3563 3137 ,

497 3193 515 3200 ⁶
549 3192 706 3256 eos,
767 3168 890 3302 qui
947 3168 1128 3243 vitae
1185 3167 1709 3244 tabernaculum
1776 3167 1848 3240 in
1919 3166 2166 3242 litteris
2225 3192 2364 3243 non
2415 3175 2714 3268 ponant,
2774 3166 3207 3269 aliquamdiu
3248 3167 3319 3242 in
3361 3167 3564 3245 Latio

547 3311 687 3362 nen
741 3288 1006 3363 minore
1051 3310 1214 3362 cum
1257 3287 1492 3363 fructu
1539 3311 1752 3387 quam
1801 3287 1877 3360 in
1925 3286 2162 3362 Attica
2207 3287 2659 3364 habitaturos.

645 3399 978 3492 Ostendi,
1039 3404 1242 3491 AA„
1291 3428 1512 3502 quum
1555 3404 1644 3478 de
1699 3403 1977 3504 linguae
2027 3404 2314 3480 Latinae
2363 3405 2695 3482 hodierno
2742 3431 2879 3482 usu
2920 3407 3381 3495 disserebam,
3433 3432 3569 3482 non
3632 3493 3645 3498 ,

548 3524 686 3598 iam
724 3523 1010 3598 Latinos
1053 3530 1368 3599 auctores
1411 3546 1494 3598 eo
1541 3523 1824 3598 oonsilio
1867 3523 2196 3623 legendos
2241 3548 2430 3613 esse,
2482 3533 2565 3599 ut
2603 3525 2897 3602 facultas
2939 3526 3188 3603 Latine
3232 3526 3575 3603 scribendi

550 3652 621 3716 et
701 3642 1028 3742 loquendi
1098 3650 1414 3740 paretur;
1489 3667 1530 3716 e
1595 3641 1932 3716 contrario
2003 3642 2396 3720 exercitatio
2469 3644 2817 3720 scribendi
2884 3646 2977 3722 ad
3050 3646 3575 3743 intelligentiam

552 3765 964 3862 scriptorum
1029 3761 1458 3836 instituenda
1513 3769 1642 3836 est.
1741 3761 1954 3841 Quod
2015 3761 2077 3833 si
2137 3769 2322 3838 recte
2373 3771 2483 3834 est
2532 3762 2799 3838 dictum
2819 3821 2837 3849 ,
2902 3763 3113 3838 babet
3164 3763 3342 3838 hane
3388 3762 3527 3838 vim
3548 3823 3567 3852 ‚

551 3891 634 3958 ut
707 3906 869 3982 prae
935 3881 1316 3956 Cxcsaour.
1369 3879 1617 3980 reliqui
1689 3904 1828 3954 non
1899 3879 2040 3953 sint
2099 3878 2539 3978 negligendi,
2616 3881 2675 3954 si
2730 3881 2851 3979 qui
2912 3881 3147 3956 minus
3194 3880 3571 3958 Latinitate

551 4002 1154 4090 commendentur,
1207 4009 1282 4076 at
1337 3998 1736 4098 ceteroquin
1797 3999 2174 4076 sententiis·
2202 4007 2275 4073 et
2325 4023 2559 4075 rerum
2608 4000 3055 4101 dispositione
3108 4003 3385 4102 egregie
3428 4004 3573 4102 pla-

551 4131 770 4199 ceant.
881 4122 1044 4196 Non
1111 4130 1219 4195 est
1237 4177 1257 4208 ,
1325 4143 1440 4196 me
1505 4120 1734 4194 iudice
1750 4178 1773 4211 ,
1847 4120 2038 4220 quod
2109 4119 2505 4194 Cmnnoms
2568 4145 2776 4219 opera
2836 4120 3241 4221 philosopha
3314 4123 3575 4198 'riom

553 4242 944 4318 Annalibus
1007 4246 1514 4339 anteponantur
1531 4299 1552 4328 ,
1629 4264 1758 4316 nec
1835 4241 2230 4316 C1cnnome
2299 4239 2521 4340 ipsius
2595 4240 2947 4339 Epistulae
2967 4299 2987 4329 ,
3068 4265 3243 4340 quas
3310 4251 3580 4320 constat

552 4363 817 4438 minore
879 4360 1246 4463 ἀκριβείᾳ
1309 4359 1596 4459 scriptas
1667 4385 1817 4436 esse
1835 4419 1858 4449 ,
1915 4359 2360 4461 negligantur
2411 4367 2691 4459 propter
2749 4360 3133 4444 Orationes.
3243 4359 3383 4436 Sed
3432 4385 3571 4436 non

553 4481 778 4556 multa
851 4481 1059 4556 verba
1135 4479 1304 4555 haec
1377 4503 1488 4554 res
1559 4479 1922 4556 desiderat.
2043 4481 2338 4556 Factum
2409 4479 2587 4556 bene
2650 4480 2725 4554 in
2794 4480 3063 4555 Ietinis
3130 4480 3577 4580 scriptoribus

559 4600 815 4700 (magis
881 4599 958 4674 id
1021 4623 1232 4698 quam
1300 4598 1374 4672 in
1443 4599 1754 4690 Graecis)
1829 4599 2017 4698 quod
2037 4655 2058 4686 ,
2115 4623 2158 4672 a
2217 4598 2493 4672 'herro
2560 4598 2622 4673 si
2674 4599 3029 4674 recesseris
3049 4657 3067 4686 ,
3142 4623 3383 4675 omnes
3452 4603 3577 4702 qui

554 4721 842 4794 materia
881 4719 1381 4817 sententiisque
1422 4717 1722 4794 maxime
1763 4717 2338 4794 commendentur
2355 4774 2374 4804 ,
2414 4717 2679 4815 optima
2726 4741 3005 4817 quoque
3046 4723 3212 4794 sunt
3248 4722 3575 4796 orationis

555 4839 988 4938 exemplaria.
1087 4841 1172 4913 In
1215 4839 1586 4914 Tnun‘rro
1641 4842 1878 4934 (quem
1929 4841 2206 4934 propter
2245 4834 2635 4934 argumenti
2674 4836 3151 4914 tractationem
3200 4837 3309 4912 vix
3356 4840 3579 4938 poetis

3010 4959 3102 5030 30
3116 4957 3157 5002 *
