4934 6184
1079 1357 1548 1420 ACADEMJAE
1604 1359 1673 1420 L.
1715 1359 1786 1420 B.
1845 1357 2310 1420 CURATORES
2329 1403 2344 1428 ,
2402 1355 2575 1416 VIR-I
2618 1355 3107 1429 AMPLISSIMI,
3152 1356 3459 1419 QUIQUE
3500 1355 3633 1416 HIS

1157 1463 1263 1523 AB
1303 1463 1530 1524 ACTIS
1567 1463 1661 1522 Es
1677 1507 1692 1534 ,
1735 1461 1878 1521 VIR
1918 1457 2563 1520 CONSULTISSIME.

1079 1609 1491 1670 COLLEGAE
1533 1607 2202 1678 HONORATISSIMI,
2249 1602 2924 1667 CONIUNCTISSIMI.

1075 1753 1220 1814 QUI
1291 1754 1467 1814 IUBI
1536 1753 1898 1814 DICUNDO
1917 1799 1932 1824 ,
2011 1753 2364 1815 CIVITATI
2437 1751 2874 1812 REGUNDAE
2896 1796 2914 1824 ,
2984 1751 3253 1811 SACRIS
3317 1750 3637 1812 ADMINI-

1156 1857 1541 1932 STBAN'DIS
1583 1857 2004 1917 PRAEESTIS
2023 1903 2038 1928 ,
2095 1857 2270 1916 VIRI
2306 1854 2880 1927 INTEGERRIMI,
2925 1853 3416 1926 GRAVISSIMI,
3460 1855 3635 1915 PLU-

1153 1959 1428 2018 RIMUM
1469 1959 1960 2032 VENERANDI.

1074 2103 1546 2165 QUARUMVIS
1565 2105 1810 2166 ARTIU
1813 2104 1878 2164 M
1899 2104 2398 2165 LIBERALIUM
2420 2104 2833 2166 DOOTORES
2848 2151 2863 2178 ,
2880 2105 3052 2166 VIBI
3068 2103 3635 2165 EBUDITISSIMI.

1077 2249 1547 2312 ACADEMIAE
1589 2252 1911 2316 ALUMNI
1928 2298 1943 2325 ,
1987 2252 2507 2315 ORNATISSIMI
2543 2253 2907 2316 IUVENES.

1073 2395 1298 2457 GIVES
1315 2443 1332 2471 ,
1411 2399 1796 2460 HOSPITES
1813 2444 1827 2470 ,
1907 2397 2350 2460 QUOTQUOT
2427 2397 2689 2460 POBRO
2752 2399 3081 2460 ADESTIS
3097 2444 3113 2472 ,
3185 2397 3635 2459 AUDITOBES

1157 2499 1718 2565 HUMANISSIMI.
3464 2523 3471 2532 ·

825 2928 1266 3055 Quicunque
1307 2982 1346 3031 e
1382 2966 1619 3035 nostro
1655 2959 1920 3033 Ordine
1939 3017 1960 3046 ,
2010 2957 2558 3032 coniunctissimi
2596 2953 2919 3056 Collegae
2932 3015 2952 3045 ,
2994 2957 3309 3032 Rectoris
3352 2958 3632 3058 Magni-

581 3077 696 3150 fici
761 3100 1023 3150 munus
1087 3076 1298 3166 obiit,
1369 3083 1695 3177 expertus
1759 3077 1954 3154 novit
1973 3135 1995 3167 ‚
2075 3076 2531 3152 honorificum
2590 3076 3080 3176 magistratum
3154 3101 3295 3152 non
3366 3077 3633 3177 absque

583 3195 814 3294 aliqua
877 3196 1198 3272 molestia
1261 3198 1428 3297 geri.
1528 3199 1616 3272 In
1689 3199 1950 3298 quibus
2002 3199 2459 3286 novissimum
2525 3222 2656 3272 nec
2704 3196 3011 3297 profecto
3058 3197 3486 3273 levissimum
3528 3207 3635 3275 est

583 3339 760 3390 onus
821 3316 1183 3392 habendae
1245 3341 1477 3392 coram
1543 3317 1719 3394 lecta
1779 3319 2219 3394 audientium
2287 3342 2539 3394 corona
2602 3317 2929 3394 orationis
3000 3317 3300 3394 solennis
3320 3377 3341 3406 ,
3412 3339 3653 3426 quum'

582 3436 866 3512 tandem
917 3462 1001 3512 eo
1045 3446 1456 3537 perventum
1499 3447 1644 3528 est,
1699 3447 1798 3514 ut'
1829 3438 2050 3514 fasces
2103 3439 2557 3540 deponantur.
2609 3479 2707 3494 —
2750 3438 2941 3514 Nam
2983 3439 3242 3539 duplex
3286 3438 3361 3513 in
3418 3463 3502 3514 ea
3557 3465 3633 3515 re

583 3556 784 3631 nobis
851 3558 1241 3656 superanda
1304 3565 1412 3632 est
1481 3557 1885 3635 difficultas:
1966 3559 2274 3659 primum
2347 3559 2610 3634 formae
2635 3617 2655 3647 ,
2738 3558 2991 3632 deinde
3061 3559 3281 3657 ipsius
3359 3559 3636 3634 dicendi

585 3678 998 3775 argumenti.
1099 3679 1389 3754 Formae
1407 3737 1428 3766 ,
1495 3678 1819 3777 inquam3
1886 3680 2230 3754 utendum
2275 3681 2463 3754 enim
2514 3678 2717 3754 nobis
2767 3685 2873 3752 est
2926 3703 3241 3754 sermone
3287 3678 3510 3754 alieno
3562 3689 3634 3754 et

587 3795 909 3894 antiquo,
977 3819 1118 3895 quo
1185 3798 1334 3873 sine
1392 3798 1616 3873 iustae
1659 3800 2205 3898 reprehensionis
2257 3799 2504 3874 timore
2552 3806 2849 3874 utuntur
2901 3797 2955 3870 ii
3008 3804 3282 3873 tantum
3300 3855 3321 3884 ,
3371 3797 3631 3895 quibus

587 3916 926 4016 contingit
985 3925 1295 3994 veterum
1367 3919 1797 4019 Scriptorum
1861 3921 2212 3995 volumina
2275 3919 2585 4020 quotidie
2653 3942 2942 3993 versare.
3045 3915 3297 3990 Multis
3344 3915 3635 4015 quidem

589 4043 901 4112 vestrum
967 4038 1156 4113 hunc
1218 4063 1606 4114 sermonem
1677 4040 1790 4114 vix
1857 4039 2091 4114 minus
2149 4039 2559 4114 familiarem
2612 4063 2763 4114 esse
2820 4063 2899 4114 ac
2951 4035 3258 4136 patrium
3302 4035 3629 4136 cognovi=

589 4165 659 4230 et
723 4156 1040 4236 admiror,
1139 4159 1484 4234 Nonnulli
1537 4168 1776 4234 autem
1845 4160 2019 4234 forte
2078 4185 2354 4235 mecum
2423 4160 2717 4261 profiteb
2730 4167 2942 4234 untur
2964 4217 2985 4248 ,
3046 4181 3197 4232 sese
3251 4157 3635 4232 verecunde
3748 4137 3759 4157 ¹

588 4275 660 4350 et
719 4276 1122 4352 dubitanter
1195 4280 1370 4354 adeo
1445 4281 1693 4356 Latine
1769 4281 1982 4380 loqui.
2109 4281 2306 4360 Quid
2383 4281 2696 4356 mirum?
2795 4278 3057 4354 Gallice
3077 4336 3097 4366 ,
3178 4277 3590 4353 Germanice
3608 4335 3627 4365 ,
3743 4363 3749 4366 ,

588 4397 882 4496 Anglioe
935 4423 980 4472 a
1023 4399 1258 4497 pueris
1305 4399 1468 4474 inde
1516 4400 1883 4491 docemur3
1945 4401 2253 4500 hospites
2298 4426 2503 4502 saepe
2554 4427 2642 4478 ex
2686 4401 2840 4476 istis
2890 4398 3168 4500 populis
3214 4398 3632 4497 excipimuS,

591 4516 1012 4615 quibuscum
1080 4543 1206 4593 sua
1273 4520 1610 4620 cuiusque
1680 4523 1921 4621 lingua
1996 4521 2394 4597 humaniter
2468 4521 3029 4608 confabulamur5
3096 4540 3335 4592 eorum
3400 4523 3638 4591 autem

590 4635 920 4713 librorum
939 4697 960 4726 ,
1009 4639 1434 4714 novellarum
1452 4699 1472 4729 ,
1523 4641 2035 4740 diariorumque
2083 4642 2495 4717 immensam
2550 4641 2809 4716 molem
2855 4640 3302 4724 devoramus3
3356 4635 3465 4710 vel
3502 4637 3637 4736 ipsi

594 4755 780 4832 feriis
823 4757 1104 4874 aestivis
1145 4759 1218 4833 in
1266 4767 1534 4836 exteras
1577 4761 1890 4860 regiones
1928 4760 2444 4860 peregrinantes
2490 4759 2738 4837 harum
2772 4757 3090 4860 gentium
3134 4781 3391 4848 mores,
3431 4782 3602 4834 usus
3618 4818 3640 4849 ,
