4934 6184
1809 681 2363 752 ORATIO.
3489 684 3615 753 135

573 892 849 969 eveniat
868 949 889 981 ,
959 891 1151 992 quod
1218 890 1582 967 subductis
1646 892 2031 971 rationibus
2100 920 2143 970 a
2211 893 2570 992 Groninga
2633 914 2746 965 me
2814 890 3046 965 divelli
3115 916 3360 991 passus
3423 916 3604 969 sum.

578 1012 870 1089 Eveniet
927 1020 1165 1089 autem
1221 1012 1401 1089 bene
1419 1070 1441 1101 ,
1507 1012 1637 1089 Vir
1688 1015 2175 1115 Amplissime‚
2244 1014 2305 1089 si
2350 1010 2768 1089 Academiae
2812 1011 3182 1086 Curatores
3233 1035 3374 1088 non
3415 1036 3608 1113 repe-

578 1136 758 1211 rient
802 1157 929 1210 cur
974 1158 1144 1211 suae
1188 1156 1311 1209 eos
1358 1133 1709 1231 poeniteat
1754 1136 1843 1210 de
1890 1160 2005 1211 me
2054 1136 2352 1211 Doctore
2396 1131 2818 1211 Academico
2865 1132 3266 1209 sententiae.

674 1375 765 1449 In
844 1380 1153 1449 vestrum
1220 1374 1553 1450 Ordinem
1621 1398 1844 1474 quum
1908 1376 2217 1465 intueor,
2289 1374 2443 1448 Viri
2507 1372 2925 1462 Clarissimi,
3002 1373 3184 1449 varie
3245 1398 3359 1450 me
3429 1377 3608 1451 affici

576 1495 824 1571 sentio.
927 1496 1117 1570 Nam
1174 1495 1357 1570 sicut
1414 1495 1677 1571 multos
1746 1496 2061 1573 desidero
2130 1496 2305 1573 mihi
2364 1495 2759 1571 carissimos
2823 1494 3002 1571 viros
3071 1502 3142 1569 et
3201 1495 3294 1570 ad
3351 1498 3610 1573 multos

578 1616 862 1716 ignotus
906 1615 1159 1691 accedo
1176 1672 1199 1704 ‚
1244 1615 1347 1691 ita
1388 1624 1545 1691 tum
1590 1616 1843 1693 horum
1888 1643 2053 1718 erga
2099 1642 2213 1693 me
2266 1615 2771 1692 humanitatem
2823 1616 3043 1691 laetus
3087 1616 3405 1717 perspexi
3453 1622 3608 1693 tum

574 1734 959 1810 amicorum
1004 1756 1321 1809 meorum
1364 1734 1579 1809 fidem
1624 1734 1829 1811 hilari
1874 1743 2109 1811 mente
2156 1736 2496 1835 praedico,
3023 1834 3032 1847 .

679 1854 838 1931 Hoc
890 1855 1150 1931 dicenti
1205 1852 1381 1929 mihi
1422 1860 1507 1928 tu
1556 1855 1886 1931 continuo
1938 1855 2353 1945 chrm-saris,
2402 1855 2817 1932 amicissime
2873 1857 3298 1933 Kaas‘rnna.
3399 1859 3614 1937 Quod

580 1975 941 2075 Groninga
976 1975 1114 2050 huc
1156 1981 1439 2050 vocatus
1464 1973 1843 2053 deliberare
1876 1978 2110 2077 coepi,
2160 1976 2413 2076 ecquid
2455 1976 2722 2051 consilii
2755 2000 3070 2077 caperem
3089 2037 3109 2067 ,
3159 1986 3361 2053 tuum
3403 1980 3614 2054 unius

575 2104 708 2171 est.
808 2096 996 2169 Nam
1015 2153 1037 2185 ‚
1104 2116 1325 2193 quum
1396 2093 1529 2169 tibi
1584 2120 2035 2195 exposueram
2051 2154 2072 2185 ‚
2136 2120 2265 2171 cur
2328 2096 2766 2195 Praeceptor-i
2813 2105 3050 2173 nostro
3096 2097 3172 2173 in
3223 2099 3616 2175 Literarum

580 2214 985 2289 Latinarum
1032 2214 1361 2291 cathedra
1404 2216 1769 2293 succedere
1820 2216 2013 2293 haud
2060 2240 2385 2317 cuperem
2403 2276 2426 2307 ‚
2488 2225 2572 2293 tu
2615 2216 3006 2293 honorificis
3052 2217 3337 2317 quidem
3389 2218 3617 2294 verbis

576 2360 624 2410 a
666 2335 877 2410 veteri
918 2333 1391 2436 condiscipulo
1438 2345 1511 2411 et
1554 2337 1777 2413 amico
1822 2336 2211 2413 dissensisti
2230 2394 2253 2426 ,
2302 2338 2428 2412 sed
2479 2362 2562 2413 ea
2600 2344 2832 2413 tamen
2871 2338 3266 2413 conditione
3313 2362 3426 2413 me
3470 2338 3613 2415 ius-

578 2455 733 2531 sisti
786 2456 877 2531 de
934 2479 1223 2531 munere
1276 2456 1603 2533 adeundo
1658 2457 2039 2533 deliberare
2054 2515 2075 2546 ,
2138 2466 2225 2533 ut
2269 2458 2542 2535 scholae
2591 2457 2780 2533 illius
2831 2458 3284 2557 philologicae
3335 2484 3378 2533 a
3419 2465 3488 2533 te
3505 2515 3528 2547 ,
3575 2484 3620 2533 a

582 2598 697 2649 me
754 2582 991 2651 autem
1056 2574 1418 2651 historicae
1474 2583 1639 2652 tuae
1698 2576 2139 2655 haberentur.
2253 2578 2453 2652 Nihil
2511 2577 2655 2651 vidi
2707 2577 3247 2653 benevolentius.
3349 2579 3618 2657 Quam-

576 2696 821 2771 obrem
872 2720 915 2769 a
966 2703 1037 2770 te
1078 2693 1443 2771 discedens
1484 2718 1567 2772 ea
1616 2696 1984 2787 affirmavi,
2034 2722 2217 2797 quae
2256 2698 2534 2797 publice
2577 2704 2856 2796 repeto.
2905 2698 3399 2796 quodcumque
3449 2698 3624 2771 mihi

580 2816 931 2915 optimum
994 2814 1185 2889 factu
1246 2814 1596 2891 videretur
1613 2874 1635 2905 ,
1698 2825 1862 2893 tuae
1918 2842 2084 2917 erga
2139 2840 2253 2892 me
2306 2816 2822 2892 benevolentiae
2888 2818 3292 2893 memoriam
3350 2817 3626 2892 nullum

585 2934 773 3009 diem
830 2932 1227 3010 deleturum
1296 2958 1468 3011 esse.
1568 2936 1779 3011 Nunc
1846 2944 2082 3013 autem
2146 2938 2277 3013 hoc
2333 2938 2554 3014 addo:
2608 2936 2898 3015 habebis
2957 2960 3106 3027 me,
3175 2939 3580 3013 Kaasrmm
3602 2996 3622 3027 ,

586 3053 921 3153 collegam
984 3078 1129 3129 non
1197 3060 1475 3131 tautum
1531 3057 1643 3131 tui
1694 3056 2381 3134 observantissimum
2404 3117 2425 3149 ‚
2491 3058 2616 3134 sed
2674 3078 2838 3133 eum
2886 3059 3204 3147 omnino,
3267 3059 3392 3157 qui
3429 3066 3502 3133 et
3551 3058 3624 3133 in

582 3172 739 3247 aliis
818 3172 1173 3249 doctrinae
1248 3182 1525 3250 nostrae
1594 3176 1913 3275 partibus
1980 3185 2054 3253 et
2108 3179 2181 3254 in
2248 3179 2379 3254 hac
2451 3178 2604 3279 ipsa
2622 3236 2642 3267 ‚
2720 3200 2858 3275 qua
2917 3202 3148 3254 meam
3204 3178 3276 3253 in
3328 3178 3626 3278 gratiam

584 3292 859 3367 cessisti
880 3351 902 3383 ‚
952 3301 1149 3371 tuam
1190 3295 1520 3395 suspiciat
1570 3296 2053 3374 eruditionem.

680 3412 845 3488 Hoc
874 3413 1043 3504 tibi,
1080 3420 1271 3491 certo
1296 3414 1439 3490 scio
1456 3472 1477 3505 ,
1518 3416 1851 3517 voluptati
1874 3425 1981 3493 est
1997 3476 2018 3507 ‚
2052 3414 2237 3497 Clar.
2266 3440 2417 3495 vm
2442 3420 2904 3498 Goononvna
2921 3476 2942 3510 ‚
2981 3420 3107 3519 qui
3143 3419 3390 3519 quanti
3413 3417 3626 3495 facias

584 3532 1139 3635 condiscipulum
1194 3558 1467 3623 meum,
1512 3536 1869 3614 neminem
1907 3536 2112 3639 fugit.
2193 3539 2459 3617 Probas
2499 3540 2710 3616 etiam
2729 3598 2750 3631 ‚
2799 3562 2993 3630 eam,
3043 3562 3258 3639 quam
3299 3537 3478 3628 dixi,
3519 3536 3658 3611 tui.

587 3652 895 3727 muneris
958 3662 1227 3753 partem
1264 3654 1403 3755 ipsi
1461 3678 1613 3731 esse
1656 3657 2059 3734 mandatam
2076 3717 2096 3748 ,
2146 3666 2219 3734 et
2268 3659 2358 3735 de
2404 3660 2970 3760 Antiquitatibus
3016 3657 3354 3733 Romanis
3371 3714 3392 3745 ‚
3447 3680 3624 3754 quas

586 3798 724 3873 ego
770 3773 1019 3850 lubens
1066 3775 1339 3851 tradam
1358 3832 1380 3865 ,
1434 3776 1579 3851 noli
1623 3774 1942 3853 dubitare
1961 3836 1983 3868 ‚
2046 3777 2219 3877 quin
2264 3777 2530 3877 optime
2581 3779 2794 3855 sciam
2812 3837 2834 3868 ,
2896 3785 3324 3877 quantopere
3377 3773 3626 3849 harum

588 3918 871 3993 quoque
934 3894 1297 3995 explicatio
1357 3918 1484 3997 per
1542 3896 2003 3997 quadraginta
2052 3896 2195 3973 fere
2254 3922 2475 3974 annos
2529 3898 2660 3973 tibi
2706 3898 2780 3973 in
2827 3896 3090 3971 deliciis
3135 3895 3367 3971 fuerit.
3467 3892 3626 3968 Hoc

594 4014 923 4113 temporis
970 4014 1195 4115 spatio
1238 4021 1547 4116 quantus
1594 4016 1731 4091 fuit
1773 4014 2269 4115 discipulorum
2318 4022 2604 4091 tuorum
2651 4016 3024 4091 numerusl
3099 4016 3186 4089 In
3238 4014 3346 4089 his
3388 4018 3623 4088 autem

592 4158 727 4233 ego
768 4141 840 4211 et
882 4134 1329 4214 Kaasranus
1376 4144 1529 4211 tum
1566 4135 1829 4212 fuimus
1844 4195 1866 4226 ‚
1913 4159 2139 4235 quum
2186 4142 2269 4209 tu
2312 4140 2542 4211 aetate
2590 4136 3074 4213 florentissima
3101 4157 3513 4233 summaque
3557 4132 3634 4206 in

594 4254 907 4330 docendo
973 4254 1322 4333 alacritate
1383 4280 1537 4333 eras
1594 4266 1669 4331 et
1728 4254 2065 4355 plurimos
2116 4249 2486 4327 imbuebas
2543 4259 2702 4329 tum
2754 4253 3110 4330 literarum
3151 4263 3432 4330 tuarum
3477 4256 3635 4323 tum

596 4375 775 4450 bene
835 4374 1113 4451 dicendi
1176 4376 1661 4478 scribendique
1728 4398 1981 4451 amore.
2080 4372 2155 4447 N
2160 4397 2293 4449 unc
2358 4380 2596 4451 autem
2669 4396 3099 4475 quamquam
3165 4373 3308 4448 otio
3383 4366 3630 4473 frueris

596 4495 1287 4573 honorificentissimo
1300 4554 1323 4586 ‚
1395 4520 1537 4573 una
1602 4504 1837 4572 tamen
1906 4518 2071 4570 cum
2135 4492 2544 4570 Kaasrano
2615 4503 2687 4570 et
2756 4519 2916 4571 cum
2985 4493 3160 4570 Clar.
3225 4492 3634 4566 Orzoouna

596 4638 789 4692 meas
845 4616 1161 4693 nondum
1204 4616 1344 4693 huc
1386 4616 1598 4692 delati
1648 4622 1879 4715 partes
1924 4613 2174 4713 egisti,
2240 4638 2395 4712 qua
2430 4614 2521 4689 de
2567 4635 2644 4688 re
2689 4614 2820 4688 tibi
2841 4671 2862 4701 ,
2911 4610 3246 4711 vobisque
3260 4669 3281 4700 ‚
3329 4609 3631 4709 collegae

594 4735 1185 4827 coniunctissimi,
1248 4736 1667 4813 Academiae
1714 4732 1994 4808 nomine
2038 4730 2297 4831 gratias
2342 4752 2482 4830 ago
2524 4754 2700 4831 quas
2747 4756 3032 4832 possum
3075 4732 3456 4842 maximas3
3505 4727 3635 4807 sed

592 4864 721 4947 tu,
786 4858 1201 4959 Praeceptor
1257 4856 1518 4958 optime
1534 4914 1557 4949 ,
1642 4848 2234 4955 quemadmodum
2292 4850 2461 4927 olim
2526 4850 2620 4927 de
2683 4874 2796 4929 me
2863 4852 3040 4929 bene
3113 4852 3468 4945 meruisti,
3537 4851 3638 4927 ita
