<?xml version="1.0" encoding="UTF-8"?>
<!DOCTYPE html PUBLIC "-//W3C//DTD XHTML 1.0 Transitional//EN"
    "http://www.w3.org/TR/xhtml1/DTD/xhtml1-transitional.dtd">
<html xmlns="http://www.w3.org/1999/xhtml" xml:lang="en" lang="en">
 <head>
  <title>
</title>
<meta http-equiv="Content-Type" content="text/html;charset=utf-8" />
  <meta name='ocr-system' content='tesseract 3.04.00' />
  <meta name='ocr-capabilities' content='ocr_page ocr_carea ocr_par ocr_line ocrx_word'/>
</head>
<body>
  <div class='ocr_page' id='page_1' title='image "annalesacademic37unkngoog_0172.png"; bbox 0 0 4934 6184; ppageno 0'>
   <div class='ocr_carea' id='block_1_1' title="bbox 1334 682 3308 760">
    <p class='ocr_par' dir='ltr' id='par_1_1' title="bbox 1334 682 3308 760">
     <span class='ocr_line' id='line_1_1' title="bbox 1334 682 3308 760; baseline -0.003 -2"><span class='ocrx_word' id='word_1_1' title='bbox 1334 691 1461 760; x_wconf 80' lang='lat'><strong>169.</strong></span> <span class='ocrx_word' id='word_1_2' title='bbox 2352 685 2406 753; x_wconf 86' lang='lat'><strong>1.</strong></span> <span class='ocrx_word' id='word_1_3' title='bbox 2468 682 2888 752; x_wconf 70' lang='lat' dir='ltr'><strong>mesum</strong></span> <span class='ocrx_word' id='word_1_4' title='bbox 2945 683 3308 752; x_wconf 74' lang='lat' dir='ltr'>IANSEN</span> 
     </span>
    </p>
   </div>
   <div class='ocr_carea' id='block_1_2' title="bbox 1308 888 4374 4963">
    <p class='ocr_par' dir='ltr' id='par_1_2' title="bbox 1322 888 4374 1354">
     <span class='ocr_line' id='line_1_2' title="bbox 1436 888 4372 996; baseline 0 -30"><span class='ocrx_word' id='word_1_5' title='bbox 1436 927 1471 966; x_wconf 87' lang='grc' dir='ltr'><strong>ιι</strong></span> <span class='ocrx_word' id='word_1_6' title='bbox 1492 895 1909 996; x_wconf 76' lang='lat' dir='ltr'><strong>Eloquentia</strong></span> <span class='ocrx_word' id='word_1_7' title='bbox 1924 952 1944 985; x_wconf 88' lang='lat'><strong>,</strong></span> <span class='ocrx_word' id='word_1_8' title='bbox 2006 891 2335 970; x_wconf 90' lang='lat' dir='ltr'><strong>orationis</strong></span> <span class='ocrx_word' id='word_1_9' title='bbox 2395 892 2618 968; x_wconf 82' lang='lat' dir='ltr'><strong>forma</strong></span> <span class='ocrx_word' id='word_1_10' title='bbox 2635 949 2657 982; x_wconf 88' lang='lat'><strong>,</strong></span> <span class='ocrx_word' id='word_1_11' title='bbox 2729 893 3198 994; x_wconf 80' lang='lat' dir='ltr'><strong>experimenta</strong></span> <span class='ocrx_word' id='word_1_12' title='bbox 3257 897 3330 968; x_wconf 90' lang='lat' dir='ltr'><strong>et</strong></span> <span class='ocrx_word' id='word_1_13' title='bbox 3395 889 3832 968; x_wconf 87' lang='lat' dir='ltr'><strong>ratiocinium</strong></span> <span class='ocrx_word' id='word_1_14' title='bbox 3897 888 4068 989; x_wconf 86' lang='lat' dir='ltr'><strong>ipsis</strong></span> <span class='ocrx_word' id='word_1_15' title='bbox 4131 913 4372 992; x_wconf 84' lang='lat' dir='ltr'><strong>super-</strong></span> 
     </span>
     <span class='ocr_line' id='line_1_3' title="bbox 1330 1009 4374 1110; baseline -0.002 -17"><span class='ocrx_word' id='word_1_16' title='bbox 1330 1025 1673 1094; x_wconf 78' lang='lat' dir='ltr'><strong>structum</strong></span> <span class='ocrx_word' id='word_1_17' title='bbox 1692 1073 1712 1104; x_wconf 91' lang='lat'><strong>,</strong></span> <span class='ocrx_word' id='word_1_18' title='bbox 1761 1015 1941 1090; x_wconf 91' lang='lat' dir='ltr'><strong>bene</strong></span> <span class='ocrx_word' id='word_1_19' title='bbox 1978 1013 2159 1090; x_wconf 87' lang='lat' dir='ltr'><strong>facta</strong></span> <span class='ocrx_word' id='word_1_20' title='bbox 2178 1072 2199 1103; x_wconf 92' lang='lat'><strong>,</strong></span> <span class='ocrx_word' id='word_1_21' title='bbox 2230 1013 2411 1090; x_wconf 89' lang='lat' dir='ltr'><strong>male</strong></span> <span class='ocrx_word' id='word_1_22' title='bbox 2454 1011 2677 1102; x_wconf 80' lang='lat' dir='ltr'><strong>facta,</strong></span> <span class='ocrx_word' id='word_1_23' title='bbox 2707 1011 2905 1088; x_wconf 80' lang='lat' dir='ltr'><strong>fortis</strong></span> <span class='ocrx_word' id='word_1_24' title='bbox 2948 1013 3226 1088; x_wconf 88' lang='lat' dir='ltr'><strong>animus</strong></span> <span class='ocrx_word' id='word_1_25' title='bbox 3267 1020 3340 1088; x_wconf 90' lang='lat' dir='ltr'><strong>et</strong></span> <span class='ocrx_word' id='word_1_26' title='bbox 3385 1009 3695 1110; x_wconf 82' lang='lat' dir='ltr'><strong>ignavia,</strong></span> <span class='ocrx_word' id='word_1_27' title='bbox 3743 1010 3978 1086; x_wconf 87' lang='lat' dir='ltr'><strong>omnia</strong></span> <span class='ocrx_word' id='word_1_28' title='bbox 4021 1011 4158 1088; x_wconf 91' lang='lat' dir='ltr'><strong>ista</strong></span> <span class='ocrx_word' id='word_1_29' title='bbox 4197 1012 4374 1088; x_wconf 84' lang='lat' dir='ltr'><strong>nihil</strong></span> 
     </span>
     <span class='ocr_line' id='line_1_4' title="bbox 1332 1131 4372 1232; baseline -0.001 -21"><span class='ocrx_word' id='word_1_30' title='bbox 1332 1143 1501 1212; x_wconf 91' lang='lat' dir='ltr'><strong>sunt</strong></span> <span class='ocrx_word' id='word_1_31' title='bbox 1542 1133 1678 1210; x_wconf 89' lang='lat' dir='ltr'><strong>nisi</strong></span> <span class='ocrx_word' id='word_1_32' title='bbox 1716 1139 2004 1210; x_wconf 90' lang='lat' dir='ltr'><strong>naturae</strong></span> <span class='ocrx_word' id='word_1_33' title='bbox 2041 1131 2552 1232; x_wconf 87' lang='lat' dir='ltr'><strong>phaenomena,</strong></span> <span class='ocrx_word' id='word_1_34' title='bbox 2579 1139 2745 1208; x_wconf 90' lang='lat' dir='ltr'><strong>sunt</strong></span> <span class='ocrx_word' id='word_1_35' title='bbox 2779 1131 3068 1208; x_wconf 83' lang='lat' dir='ltr'><strong>effectus</strong></span> <span class='ocrx_word' id='word_1_36' title='bbox 3115 1131 3594 1210; x_wconf 75' lang='lat' dir='ltr'><strong>ineluctabiles</strong></span> <span class='ocrx_word' id='word_1_37' title='bbox 3637 1131 4020 1232; x_wconf 75' lang='lat' dir='ltr'><strong>pendentes</strong></span> <span class='ocrx_word' id='word_1_38' title='bbox 4061 1138 4372 1210; x_wconf 89' lang='lat' dir='ltr'><strong>tantum·</strong></span> 
     </span>
     <span class='ocr_line' id='line_1_5' title="bbox 1322 1251 4372 1354; baseline -0.001 -23"><span class='ocrx_word' id='word_1_39' title='bbox 1322 1257 1531 1332; x_wconf 91' lang='lat' dir='ltr'><strong>modo</strong></span> <span class='ocrx_word' id='word_1_40' title='bbox 1567 1280 1612 1330; x_wconf 88' lang='lat' dir='ltr'><strong>a</strong></span> <span class='ocrx_word' id='word_1_41' title='bbox 1646 1253 1875 1330; x_wconf 89' lang='lat' dir='ltr'><strong>causis</strong></span> <span class='ocrx_word' id='word_1_42' title='bbox 1920 1251 2355 1342; x_wconf 88' lang='lat' dir='ltr'><strong>necessariis,</strong></span> <span class='ocrx_word' id='word_1_43' title='bbox 2392 1253 2682 1354; x_wconf 84' lang='lat' dir='ltr'><strong>perinde</strong></span> <span class='ocrx_word' id='word_1_44' title='bbox 2721 1279 2804 1332; x_wconf 87' lang='lat' dir='ltr'><strong>ac</strong></span> <span class='ocrx_word' id='word_1_45' title='bbox 2845 1253 3368 1330; x_wconf 73' lang='lat' dir='ltr'><strong>circiimvolutio</strong></span> <span class='ocrx_word' id='word_1_46' title='bbox 3411 1259 3634 1328; x_wconf 82' lang='lat' dir='ltr'><strong>terrae</strong></span> <span class='ocrx_word' id='word_1_47' title='bbox 3671 1251 3850 1328; x_wconf 89' lang='lat' dir='ltr'><strong>circa</strong></span> <span class='ocrx_word' id='word_1_48' title='bbox 3891 1251 4056 1326; x_wconf 85' lang='lat' dir='ltr'><strong>axin</strong></span> <span class='ocrx_word' id='word_1_49' title='bbox 4099 1254 4372 1329; x_wconf 88' lang='lat' dir='ltr'><strong>suam.”</strong></span> 
     </span>
    </p>

    <p class='ocr_par' dir='ltr' id='par_1_3' title="bbox 1316 1371 4370 2170">
     <span class='ocr_line' id='line_1_6' title="bbox 1427 1371 4370 1472; baseline 0.002 -28"><span class='ocrx_word' id='word_1_50' title='bbox 1427 1405 1463 1444; x_wconf 88' lang='grc' dir='ltr'><strong>ιι</strong></span> <span class='ocrx_word' id='word_1_51' title='bbox 1482 1373 1921 1450; x_wconf 82' lang='lat' dir='ltr'><strong>Conscientia</strong></span> <span class='ocrx_word' id='word_1_52' title='bbox 1948 1372 2058 1448; x_wconf 89' lang='lat' dir='ltr'><strong>sui</strong></span> <span class='ocrx_word' id='word_1_53' title='bbox 2093 1371 2476 1472; x_wconf 76' lang='lat' dir='ltr'><strong>proprietas</strong></span> <span class='ocrx_word' id='word_1_54' title='bbox 2511 1373 2840 1448; x_wconf 90' lang='lat' dir='ltr'><strong>materiae</strong></span> <span class='ocrx_word' id='word_1_55' title='bbox 2877 1376 3056 1448; x_wconf 91' lang='lat' dir='ltr'><strong>est.”</strong></span> <span class='ocrx_word' id='word_1_56' title='bbox 3075 1415 3178 1434; x_wconf 93' lang='lat'><strong>--</strong></span> <span class='ocrx_word' id='word_1_57' title='bbox 3205 1403 3242 1442; x_wconf 83' lang='grc' dir='ltr'><strong>ιι</strong></span> <span class='ocrx_word' id='word_1_58' title='bbox 3259 1373 3527 1462; x_wconf 84' lang='lat' dir='ltr'><strong>Home,</strong></span> <span class='ocrx_word' id='word_1_59' title='bbox 3551 1372 3726 1448; x_wconf 91' lang='lat' dir='ltr'><strong>dum</strong></span> <span class='ocrx_word' id='word_1_60' title='bbox 3763 1371 4060 1472; x_wconf 87' lang='lat' dir='ltr'><strong>cogitat,</strong></span> <span class='ocrx_word' id='word_1_61' title='bbox 4095 1397 4370 1450; x_wconf 86' lang='lat' dir='ltr'><strong>summa</strong></span> 
     </span>
     <span class='ocr_line' id='line_1_7' title="bbox 1324 1489 4370 1592; baseline 0 -24"><span class='ocrx_word' id='word_1_62' title='bbox 1324 1499 1431 1568; x_wconf 90' lang='lat' dir='ltr'><strong>est</strong></span> <span class='ocrx_word' id='word_1_63' title='bbox 1480 1516 1767 1568; x_wconf 87' lang='lat' dir='ltr'><strong>suorum</strong></span> <span class='ocrx_word' id='word_1_64' title='bbox 1822 1515 2157 1567; x_wconf 90' lang='lat' dir='ltr'><strong>sensuum</strong></span> <span class='ocrx_word' id='word_1_65' title='bbox 2177 1548 2198 1580; x_wconf 93' lang='lat'><strong>,</strong></span> <span class='ocrx_word' id='word_1_66' title='bbox 2266 1490 2472 1566; x_wconf 90' lang='lat' dir='ltr'><strong>sicuti</strong></span> <span class='ocrx_word' id='word_1_67' title='bbox 2517 1513 2629 1564; x_wconf 89' lang='lat' dir='ltr'><strong>res</strong></span> <span class='ocrx_word' id='word_1_68' title='bbox 2647 1548 2667 1578; x_wconf 92' lang='lat'>‚</span> <span class='ocrx_word' id='word_1_69' title='bbox 2718 1514 2930 1589; x_wconf 88' lang='lat' dir='ltr'><strong>quam</strong></span> <span class='ocrx_word' id='word_1_70' title='bbox 2982 1489 3300 1568; x_wconf 87' lang='lat' dir='ltr'><strong>observat</strong></span> <span class='ocrx_word' id='word_1_71' title='bbox 3316 1549 3338 1582; x_wconf 90' lang='lat'><strong>,</strong></span> <span class='ocrx_word' id='word_1_72' title='bbox 3387 1517 3666 1570; x_wconf 89' lang='lat' dir='ltr'><strong>summa</strong></span> <span class='ocrx_word' id='word_1_73' title='bbox 3713 1497 3820 1568; x_wconf 84' lang='lat' dir='ltr'><strong>est</strong></span> <span class='ocrx_word' id='word_1_74' title='bbox 3875 1493 4370 1592; x_wconf 87' lang='lat' dir='ltr'><strong>proprietatum</strong></span> 
     </span>
     <span class='ocr_line' id='line_1_8' title="bbox 1322 1611 4369 1712; baseline 0 -25"><span class='ocrx_word' id='word_1_75' title='bbox 1322 1613 1681 1689; x_wconf 89' lang='lat' dir='ltr'><strong>suarum.”</strong></span> <span class='ocrx_word' id='word_1_76' title='bbox 1722 1655 1821 1670; x_wconf 91' lang='lat'><strong>--</strong></span> <span class='ocrx_word' id='word_1_77' title='bbox 1872 1641 1909 1682; x_wconf 88' lang='grc' dir='ltr'><strong>ιι</strong></span> <span class='ocrx_word' id='word_1_78' title='bbox 1932 1611 2284 1712; x_wconf 81' lang='lat' dir='ltr'><strong>Cogitatio</strong></span> <span class='ocrx_word' id='word_1_79' title='bbox 2325 1611 2480 1710; x_wconf 89' lang='lat' dir='ltr'><strong>ipsa</strong></span> <span class='ocrx_word' id='word_1_80' title='bbox 2511 1611 2840 1687; x_wconf 88' lang='lat' dir='ltr'><strong>materiae</strong></span> <span class='ocrx_word' id='word_1_81' title='bbox 2881 1619 3116 1688; x_wconf 90' lang='lat' dir='ltr'><strong>motus</strong></span> <span class='ocrx_word' id='word_1_82' title='bbox 3159 1627 3286 1689; x_wconf 89' lang='lat' dir='ltr'><strong>est.</strong></span> <span class='ocrx_word' id='word_1_83' title='bbox 3327 1655 3426 1672; x_wconf 92' lang='lat'><strong>—</strong></span> <span class='ocrx_word' id='word_1_84' title='bbox 3469 1613 3737 1690; x_wconf 88' lang='lat' dir='ltr'><strong>Omnes</strong></span> <span class='ocrx_word' id='word_1_85' title='bbox 3779 1611 3936 1690; x_wconf 86' lang='lat' dir='ltr'><strong>illae</strong></span> <span class='ocrx_word' id='word_1_86' title='bbox 3973 1611 4369 1701; x_wconf 76' lang='lat' dir='ltr'><strong>facultates,</strong></span> 
     </span>
     <span class='ocr_line' id='line_1_9' title="bbox 1318 1731 4366 1834; baseline -0.001 -26"><span class='ocrx_word' id='word_1_87' title='bbox 1318 1757 1497 1830; x_wconf 89' lang='lat' dir='ltr'><strong>quas</strong></span> <span class='ocrx_word' id='word_1_88' title='bbox 1561 1732 1919 1834; x_wconf 84' lang='lat' dir='ltr'><strong>psychicas</strong></span> <span class='ocrx_word' id='word_1_89' title='bbox 1986 1731 2329 1831; x_wconf 89' lang='lat' dir='ltr'><strong>appellare</strong></span> <span class='ocrx_word' id='word_1_90' title='bbox 2398 1731 2585 1806; x_wconf 86' lang='lat' dir='ltr'><strong>soliti</strong></span> <span class='ocrx_word' id='word_1_91' title='bbox 2639 1755 2882 1808; x_wconf 89' lang='lat' dir='ltr'><strong>sumus</strong></span> <span class='ocrx_word' id='word_1_92' title='bbox 2897 1789 2918 1820; x_wconf 93' lang='lat'><strong>,</strong></span> <span class='ocrx_word' id='word_1_93' title='bbox 2965 1731 3140 1808; x_wconf 92' lang='lat' dir='ltr'><strong>nihil</strong></span> <span class='ocrx_word' id='word_1_94' title='bbox 3186 1733 3381 1809; x_wconf 89' lang='lat' dir='ltr'><strong>aliud</strong></span> <span class='ocrx_word' id='word_1_95' title='bbox 3431 1741 3598 1810; x_wconf 91' lang='lat' dir='ltr'><strong>sunt</strong></span> <span class='ocrx_word' id='word_1_96' title='bbox 3651 1733 3790 1808; x_wconf 90' lang='lat' dir='ltr'><strong>nisi</strong></span> <span class='ocrx_word' id='word_1_97' title='bbox 3843 1731 4148 1810; x_wconf 85' lang='lat' dir='ltr'><strong>actiones</strong></span> <span class='ocrx_word' id='word_1_98' title='bbox 4203 1731 4366 1808; x_wconf 86' lang='lat' dir='ltr'><strong>sub·</strong></span> 
     </span>
     <span class='ocr_line' id='line_1_10' title="bbox 1320 1851 4368 1953; baseline 0 -25"><span class='ocrx_word' id='word_1_99' title='bbox 1320 1853 1615 1930; x_wconf 77' lang='lat' dir='ltr'><strong>stantiae</strong></span> <span class='ocrx_word' id='word_1_100' title='bbox 1676 1851 1973 1941; x_wconf 86' lang='lat' dir='ltr'><strong>cerebri,</strong></span> <span class='ocrx_word' id='word_1_101' title='bbox 2042 1896 2147 1914; x_wconf 89' lang='lat'>—</span> <span class='ocrx_word' id='word_1_102' title='bbox 2215 1851 2367 1942; x_wconf 87' lang='lat' dir='ltr'><strong>vel,</strong></span> <span class='ocrx_word' id='word_1_103' title='bbox 2445 1852 2554 1928; x_wconf 88' lang='lat' dir='ltr'><strong>uti</strong></span> <span class='ocrx_word' id='word_1_104' title='bbox 2635 1851 2936 1952; x_wconf 83' lang='lat' dir='ltr'><strong>exempli</strong></span> <span class='ocrx_word' id='word_1_105' title='bbox 2995 1852 3146 1928; x_wconf 91' lang='lat' dir='ltr'><strong>loco</strong></span> <span class='ocrx_word' id='word_1_106' title='bbox 3227 1852 3470 1930; x_wconf 87' lang='lat' dir='ltr'><strong>dicunt</strong></span> <span class='ocrx_word' id='word_1_107' title='bbox 3489 1912 3510 1942; x_wconf 87' lang='lat'><strong>,</strong></span> <span class='ocrx_word' id='word_1_108' title='bbox 3575 1853 4028 1953; x_wconf 88' lang='lat' dir='ltr'><strong>cogitationes</strong></span> <span class='ocrx_word' id='word_1_109' title='bbox 4095 1860 4368 1928; x_wconf 88' lang='lat' dir='ltr'><strong>nostrae</strong></span> 
     </span>
     <span class='ocr_line' id='line_1_11' title="bbox 1322 1973 4366 2072; baseline -0.001 -22"><span class='ocrx_word' id='word_1_110' title='bbox 1322 1975 1565 2050; x_wconf 87' lang='lat' dir='ltr'><strong>eadem</strong></span> <span class='ocrx_word' id='word_1_111' title='bbox 1626 1973 1891 2050; x_wconf 90' lang='lat' dir='ltr'><strong>ratione</strong></span> <span class='ocrx_word' id='word_1_112' title='bbox 1956 1979 2283 2048; x_wconf 85' lang='lat' dir='ltr'><strong>tenentur</strong></span> <span class='ocrx_word' id='word_1_113' title='bbox 2344 1997 2508 2048; x_wconf 90' lang='lat' dir='ltr'><strong>cum</strong></span> <span class='ocrx_word' id='word_1_114' title='bbox 2567 1973 2846 2048; x_wconf 88' lang='lat' dir='ltr'><strong>cerebro</strong></span> <span class='ocrx_word' id='word_1_115' title='bbox 2866 2031 2888 2064; x_wconf 89' lang='lat'><strong>,</strong></span> <span class='ocrx_word' id='word_1_116' title='bbox 2937 1997 3078 2072; x_wconf 85' lang='lat' dir='ltr'><strong>qua</strong></span> <span class='ocrx_word' id='word_1_117' title='bbox 3138 1973 3300 2050; x_wconf 89' lang='lat' dir='ltr'><strong>bilis</strong></span> <span class='ocrx_word' id='word_1_118' title='bbox 3349 1999 3512 2052; x_wconf 88' lang='lat' dir='ltr'><strong>cum</strong></span> <span class='ocrx_word' id='word_1_119' title='bbox 3571 1974 3866 2050; x_wconf 81' lang='lat' dir='ltr'><strong>iocinore</strong></span> <span class='ocrx_word' id='word_1_120' title='bbox 3885 2029 3908 2062; x_wconf 90' lang='lat'><strong>,</strong></span> <span class='ocrx_word' id='word_1_121' title='bbox 3957 1973 4158 2048; x_wconf 87' lang='lat' dir='ltr'><strong>urina</strong></span> <span class='ocrx_word' id='word_1_122' title='bbox 4207 1997 4366 2048; x_wconf 90' lang='lat' dir='ltr'><strong>cum</strong></span> 
     </span>
     <span class='ocr_line' id='line_1_12' title="bbox 1316 2095 1675 2170; baseline -0.003 0"><span class='ocrx_word' id='word_1_123' title='bbox 1316 2095 1675 2170; x_wconf 63' lang='lat' dir='ltr'><strong>renibusl’</strong></span> 
     </span>
    </p>

    <p class='ocr_par' dir='ltr' id='par_1_4' title="bbox 1314 2211 4362 2674">
     <span class='ocr_line' id='line_1_13' title="bbox 1416 2211 4358 2313; baseline -0.001 -24"><span class='ocrx_word' id='word_1_124' title='bbox 1416 2215 1633 2290; x_wconf 79' lang='lat' dir='ltr'><strong>Ecce!</strong></span> <span class='ocrx_word' id='word_1_125' title='bbox 1684 2215 1775 2289; x_wconf 89' lang='lat' dir='ltr'><strong>A.</strong></span> <span class='ocrx_word' id='word_1_126' title='bbox 1816 2215 1947 2290; x_wconf 84' lang='lat' dir='ltr'><strong>A.1</strong></span> <span class='ocrx_word' id='word_1_127' title='bbox 2012 2213 2245 2313; x_wconf 90' lang='lat' dir='ltr'><strong>quoad</strong></span> <span class='ocrx_word' id='word_1_128' title='bbox 2290 2211 2594 2288; x_wconf 80' lang='lat' dir='ltr'><strong>maxime</strong></span> <span class='ocrx_word' id='word_1_129' title='bbox 2640 2214 2840 2312; x_wconf 93' lang='lat' dir='ltr'><strong>potui</strong></span> <span class='ocrx_word' id='word_1_130' title='bbox 2889 2213 3058 2313; x_wconf 89' lang='lat' dir='ltr'><strong>ipsis</strong></span> <span class='ocrx_word' id='word_1_131' title='bbox 3127 2215 3352 2290; x_wconf 81' lang='lat' dir='ltr'><strong>verbis</strong></span> <span class='ocrx_word' id='word_1_132' title='bbox 3413 2213 3900 2290; x_wconf 89' lang='lat' dir='ltr'><strong>nonnullorum</strong></span> <span class='ocrx_word' id='word_1_133' title='bbox 3965 2211 4358 2312; x_wconf 82' lang='lat' dir='ltr'><strong>principum</strong></span> 
     </span>
     <span class='ocr_line' id='line_1_14' title="bbox 1317 2333 4362 2435; baseline -0.001 -26"><span class='ocrx_word' id='word_1_134' title='bbox 1317 2334 1531 2409; x_wconf 90' lang='lat' dir='ltr'><strong>huius</strong></span> <span class='ocrx_word' id='word_1_135' title='bbox 1575 2333 2047 2434; x_wconf 81' lang='lat' dir='ltr'><strong>philosophiae</strong></span> <span class='ocrx_word' id='word_1_136' title='bbox 2094 2333 2445 2409; x_wconf 82' lang='lat' dir='ltr'><strong>fautorum</strong></span> <span class='ocrx_word' id='word_1_137' title='bbox 2501 2357 2776 2411; x_wconf 88' lang='lat' dir='ltr'><strong>summa</strong></span> <span class='ocrx_word' id='word_1_138' title='bbox 2834 2333 2984 2410; x_wconf 87' lang='lat' dir='ltr'><strong>eius</strong></span> <span class='ocrx_word' id='word_1_139' title='bbox 3029 2335 3378 2412; x_wconf 90' lang='lat' dir='ltr'><strong>doctrinae</strong></span> <span class='ocrx_word' id='word_1_140' title='bbox 3429 2335 3684 2435; x_wconf 87' lang='lat' dir='ltr'><strong>placita</strong></span> <span class='ocrx_word' id='word_1_141' title='bbox 3727 2333 4016 2432; x_wconf 82' lang='lat' dir='ltr'><strong>exposui</strong></span> <span class='ocrx_word' id='word_1_142' title='bbox 4035 2391 4056 2422; x_wconf 92' lang='lat'><strong>,</strong></span> <span class='ocrx_word' id='word_1_143' title='bbox 4103 2333 4362 2433; x_wconf 89' lang='lat' dir='ltr'><strong>quippe</strong></span> 
     </span>
     <span class='ocr_line' id='line_1_15' title="bbox 1314 2453 4361 2554; baseline 0 -26"><span class='ocrx_word' id='word_1_144' title='bbox 1314 2454 1633 2530; x_wconf 86' lang='lat' dir='ltr'><strong>iudicans</strong></span> <span class='ocrx_word' id='word_1_145' title='bbox 1692 2455 1921 2553; x_wconf 87' lang='lat' dir='ltr'><strong>ipsam</strong></span> <span class='ocrx_word' id='word_1_146' title='bbox 1982 2454 2363 2530; x_wconf 89' lang='lat' dir='ltr'><strong>orationem</strong></span> <span class='ocrx_word' id='word_1_147' title='bbox 2382 2511 2403 2542; x_wconf 93' lang='lat'><strong>,</strong></span> <span class='ocrx_word' id='word_1_148' title='bbox 2470 2479 2612 2554; x_wconf 91' lang='lat' dir='ltr'><strong>qua</strong></span> <span class='ocrx_word' id='word_1_149' title='bbox 2655 2454 2954 2530; x_wconf 79' lang='lat' dir='ltr'><strong>traditur</strong></span> <span class='ocrx_word' id='word_1_150' title='bbox 2974 2513 2995 2543; x_wconf 87' lang='lat'><strong>,</strong></span> <span class='ocrx_word' id='word_1_151' title='bbox 3043 2455 3504 2530; x_wconf 87' lang='lat' dir='ltr'><strong>characterem</strong></span> <span class='ocrx_word' id='word_1_152' title='bbox 3559 2455 3710 2530; x_wconf 82' lang='lat' dir='ltr'><strong>eius</strong></span> <span class='ocrx_word' id='word_1_153' title='bbox 3747 2461 3818 2528; x_wconf 90' lang='lat' dir='ltr'><strong>et</strong></span> <span class='ocrx_word' id='word_1_154' title='bbox 3855 2453 4162 2528; x_wconf 91' lang='lat' dir='ltr'><strong>indolem</strong></span> <span class='ocrx_word' id='word_1_155' title='bbox 4207 2478 4361 2553; x_wconf 87' lang='lat' dir='ltr'><strong>pro-</strong></span> 
     </span>
     <span class='ocr_line' id='line_1_16' title="bbox 1316 2573 3011 2674; baseline -0.001 -24"><span class='ocrx_word' id='word_1_156' title='bbox 1316 2576 1501 2652; x_wconf 87' lang='lat' dir='ltr'><strong>dere.</strong></span> <span class='ocrx_word' id='word_1_157' title='bbox 1600 2573 1985 2650; x_wconf 75' lang='lat' dir='ltr'><strong>Videamus</strong></span> <span class='ocrx_word' id='word_1_158' title='bbox 2026 2574 2169 2650; x_wconf 87' lang='lat' dir='ltr'><strong>iam</strong></span> <span class='ocrx_word' id='word_1_159' title='bbox 2220 2573 2311 2649; x_wconf 91' lang='lat' dir='ltr'><strong>de</strong></span> <span class='ocrx_word' id='word_1_160' title='bbox 2358 2573 2630 2674; x_wconf 88' lang='lat' dir='ltr'><strong>placitis</strong></span> <span class='ocrx_word' id='word_1_161' title='bbox 2679 2573 3011 2674; x_wconf 84' lang='lat' dir='ltr'><strong>singulis!</strong></span> 
     </span>
    </p>

    <p class='ocr_par' dir='ltr' id='par_1_5' title="bbox 1312 2691 4366 3036">
     <span class='ocr_line' id='line_1_17' title="bbox 1416 2691 4364 2786; baseline 0.001 -19"><span class='ocrx_word' id='word_1_162' title='bbox 1416 2695 1619 2771; x_wconf 88' lang='lat' dir='ltr'><strong>Vires</strong></span> <span class='ocrx_word' id='word_1_163' title='bbox 1658 2695 2019 2772; x_wconf 90' lang='lat' dir='ltr'><strong>inhaerent</strong></span> <span class='ocrx_word' id='word_1_164' title='bbox 2060 2695 2425 2786; x_wconf 89' lang='lat' dir='ltr'><strong>materiae,</strong></span> <span class='ocrx_word' id='word_1_165' title='bbox 2473 2737 2574 2758; x_wconf 88' lang='lat'>-</span> <span class='ocrx_word' id='word_1_166' title='bbox 2613 2695 2810 2772; x_wconf 88' lang='lat' dir='ltr'><strong>nulla</strong></span> <span class='ocrx_word' id='word_1_167' title='bbox 2841 2695 3132 2772; x_wconf 89' lang='lat' dir='ltr'><strong>materia</strong></span> <span class='ocrx_word' id='word_1_168' title='bbox 3169 2695 3320 2770; x_wconf 90' lang='lat' dir='ltr'><strong>sine</strong></span> <span class='ocrx_word' id='word_1_169' title='bbox 3369 2694 3634 2770; x_wconf 86' lang='lat' dir='ltr'><strong>viribus</strong></span> <span class='ocrx_word' id='word_1_170' title='bbox 3651 2751 3673 2784; x_wconf 87' lang='lat'><strong>,</strong></span> <span class='ocrx_word' id='word_1_171' title='bbox 3723 2693 3900 2770; x_wconf 87' lang='lat' dir='ltr'><strong>vires</strong></span> <span class='ocrx_word' id='word_1_172' title='bbox 3937 2694 4170 2770; x_wconf 88' lang='lat' dir='ltr'><strong>nullae</strong></span> <span class='ocrx_word' id='word_1_173' title='bbox 4217 2691 4364 2770; x_wconf 88' lang='lat' dir='ltr'><strong>sine</strong></span> 
     </span>
     <span class='ocr_line' id='line_1_18' title="bbox 1314 2813 4366 2916; baseline -0 -26"><span class='ocrx_word' id='word_1_174' title='bbox 1314 2815 1603 2892; x_wconf 90' lang='lat' dir='ltr'><strong>materia</strong></span> <span class='ocrx_word' id='word_1_175' title='bbox 1623 2875 1646 2906; x_wconf 93' lang='lat'><strong>,</strong></span> <span class='ocrx_word' id='word_1_176' title='bbox 1698 2861 1800 2879; x_wconf 92' lang='lat'><strong>--</strong></span> <span class='ocrx_word' id='word_1_177' title='bbox 1866 2815 2043 2890; x_wconf 86' lang='lat' dir='ltr'><strong>vires</strong></span> <span class='ocrx_word' id='word_1_178' title='bbox 2110 2815 2566 2916; x_wconf 85' lang='lat' dir='ltr'><strong>proprietates</strong></span> <span class='ocrx_word' id='word_1_179' title='bbox 2633 2823 2800 2892; x_wconf 89' lang='lat' dir='ltr'><strong>sunt</strong></span> <span class='ocrx_word' id='word_1_180' title='bbox 2868 2815 3216 2892; x_wconf 89' lang='lat' dir='ltr'><strong>materiae.</strong></span> <span class='ocrx_word' id='word_1_181' title='bbox 3333 2815 3444 2891; x_wconf 88' lang='lat' dir='ltr'><strong>En</strong></span> <span class='ocrx_word' id='word_1_182' title='bbox 3507 2815 3814 2915; x_wconf 85' lang='lat' dir='ltr'><strong>primum</strong></span> <span class='ocrx_word' id='word_1_183' title='bbox 3881 2813 4236 2915; x_wconf 86' lang='lat' dir='ltr'><strong>quoddam</strong></span> <span class='ocrx_word' id='word_1_184' title='bbox 4295 2825 4366 2890; x_wconf 86' lang='lat' dir='ltr'><strong>et</strong></span> 
     </span>
     <span class='ocr_line' id='line_1_19' title="bbox 1312 2934 2065 3036; baseline 0.003 -25"><span class='ocrx_word' id='word_1_185' title='bbox 1312 2936 1633 3035; x_wconf 90' lang='lat' dir='ltr'><strong>princeps</strong></span> <span class='ocrx_word' id='word_1_186' title='bbox 1692 2934 2065 3036; x_wconf 87' lang='lat' dir='ltr'><strong>placitum!</strong></span> 
     </span>
    </p>

    <p class='ocr_par' dir='ltr' id='par_1_6' title="bbox 1308 3053 4365 4963">
     <span class='ocr_line' id='line_1_20' title="bbox 1411 3053 4365 3157; baseline -0.001 -25"><span class='ocrx_word' id='word_1_187' title='bbox 1411 3057 1765 3132; x_wconf 85' lang='lat' dir='ltr'><strong>Sensuum</strong></span> <span class='ocrx_word' id='word_1_188' title='bbox 1824 3063 2221 3132; x_wconf 90' lang='lat' dir='ltr'><strong>nostrorum</strong></span> <span class='ocrx_word' id='word_1_189' title='bbox 2275 3080 2407 3157; x_wconf 95' lang='lat' dir='ltr'><strong>ope</strong></span> <span class='ocrx_word' id='word_1_190' title='bbox 2460 3055 2908 3132; x_wconf 77' lang='lat' dir='ltr'><strong>observamus</strong></span> <span class='ocrx_word' id='word_1_191' title='bbox 2965 3055 3328 3132; x_wconf 88' lang='lat' dir='ltr'><strong>materiam</strong></span> <span class='ocrx_word' id='word_1_192' title='bbox 3349 3111 3372 3145; x_wconf 90' lang='lat'><strong>,</strong></span> <span class='ocrx_word' id='word_1_193' title='bbox 3435 3054 3558 3130; x_wconf 92' lang='lat' dir='ltr'><strong>sed</strong></span> <span class='ocrx_word' id='word_1_194' title='bbox 3625 3055 3762 3130; x_wconf 87' lang='lat' dir='ltr'><strong>nisi</strong></span> <span class='ocrx_word' id='word_1_195' title='bbox 3811 3054 3906 3131; x_wconf 87' lang='lat' dir='ltr'><strong>ad</strong></span> <span class='ocrx_word' id='word_1_196' title='bbox 3958 3053 4174 3142; x_wconf 90' lang='lat' dir='ltr'><strong>hanc,</strong></span> <span class='ocrx_word' id='word_1_197' title='bbox 4227 3054 4365 3130; x_wconf 84' lang='lat' dir='ltr'><strong>sive</strong></span> 
     </span>
     <span class='ocr_line' id='line_1_21' title="bbox 1310 3173 4364 3278; baseline -0.002 -24"><span class='ocrx_word' id='word_1_198' title='bbox 1310 3177 1854 3278; x_wconf 88' lang='lat' dir='ltr'><strong>perceptionem,</strong></span> <span class='ocrx_word' id='word_1_199' title='bbox 1924 3177 2067 3252; x_wconf 90' lang='lat' dir='ltr'><strong>sive</strong></span> <span class='ocrx_word' id='word_1_200' title='bbox 2126 3177 2676 3253; x_wconf 88' lang='lat' dir='ltr'><strong>observationem</strong></span> <span class='ocrx_word' id='word_1_201' title='bbox 2747 3199 2985 3252; x_wconf 78' lang='lat' dir='ltr'><strong>vocare</strong></span> <span class='ocrx_word' id='word_1_202' title='bbox 3049 3174 3328 3264; x_wconf 88' lang='lat' dir='ltr'><strong>lubeat,</strong></span> <span class='ocrx_word' id='word_1_203' title='bbox 3393 3173 3680 3274; x_wconf 79' lang='lat' dir='ltr'><strong>aliquid‘</strong></span> <span class='ocrx_word' id='word_1_204' title='bbox 3717 3173 4038 3263; x_wconf 88' lang='lat' dir='ltr'><strong>accedat,</strong></span> <span class='ocrx_word' id='word_1_205' title='bbox 4087 3183 4364 3272; x_wconf 88' lang='lat' dir='ltr'><strong>propter</strong></span> 
     </span>
     <span class='ocr_line' id='line_1_22' title="bbox 1310 3294 4361 3396; baseline -0.002 -22"><span class='ocrx_word' id='word_1_206' title='bbox 1310 3322 1467 3374; x_wconf 90' lang='lat' dir='ltr'><strong>eam</strong></span> <span class='ocrx_word' id='word_1_207' title='bbox 1504 3297 1719 3373; x_wconf 89' lang='lat' dir='ltr'><strong>solam</strong></span> <span class='ocrx_word' id='word_1_208' title='bbox 1754 3321 1893 3372; x_wconf 87' lang='lat' dir='ltr'><strong>non</strong></span> <span class='ocrx_word' id='word_1_209' title='bbox 1930 3297 2090 3372; x_wconf 89' lang='lat' dir='ltr'><strong>licet</strong></span> <span class='ocrx_word' id='word_1_210' title='bbox 2124 3295 2328 3372; x_wconf 91' lang='lat' dir='ltr'><strong>nobis</strong></span> <span class='ocrx_word' id='word_1_211' title='bbox 2364 3297 2558 3396; x_wconf 89' lang='lat' dir='ltr'><strong>loqui</strong></span> <span class='ocrx_word' id='word_1_212' title='bbox 2595 3297 2686 3372; x_wconf 92' lang='lat' dir='ltr'><strong>de</strong></span> <span class='ocrx_word' id='word_1_213' title='bbox 2723 3295 2984 3372; x_wconf 85' lang='lat' dir='ltr'><strong>viribus</strong></span> <span class='ocrx_word' id='word_1_214' title='bbox 3017 3295 3206 3372; x_wconf 79' lang='lat' dir='ltr'><strong>illius</strong></span> <span class='ocrx_word' id='word_1_215' title='bbox 3239 3295 3586 3372; x_wconf 88' lang='lat' dir='ltr'><strong>materiae.</strong></span> <span class='ocrx_word' id='word_1_216' title='bbox 3675 3296 3816 3372; x_wconf 91' lang='lat' dir='ltr'><strong>Sed</strong></span> <span class='ocrx_word' id='word_1_217' title='bbox 3855 3294 4136 3395; x_wconf 91' lang='lat' dir='ltr'><strong>quando</strong></span> <span class='ocrx_word' id='word_1_218' title='bbox 4161 3294 4361 3370; x_wconf 87' lang='lat' dir='ltr'><strong>certis</strong></span> 
     </span>
     <span class='ocr_line' id='line_1_23' title="bbox 1312 3414 4363 3516; baseline -0.001 -22"><span class='ocrx_word' id='word_1_219' title='bbox 1312 3419 1447 3494; x_wconf 86' lang='lat' dir='ltr'><strong>sub</strong></span> <span class='ocrx_word' id='word_1_220' title='bbox 1496 3417 2011 3494; x_wconf 87' lang='lat' dir='ltr'><strong>conditionibus</strong></span> <span class='ocrx_word' id='word_1_221' title='bbox 2060 3417 2537 3516; x_wconf 86' lang='lat' dir='ltr'><strong>phaenomena</strong></span> <span class='ocrx_word' id='word_1_222' title='bbox 2589 3425 2776 3494; x_wconf 86' lang='lat' dir='ltr'><strong>certa</strong></span> <span class='ocrx_word' id='word_1_223' title='bbox 2819 3416 3022 3492; x_wconf 90' lang='lat' dir='ltr'><strong>nobis</strong></span> <span class='ocrx_word' id='word_1_224' title='bbox 3087 3414 3313 3492; x_wconf 80' lang='lat' dir='ltr'><strong>obfert</strong></span> <span class='ocrx_word' id='word_1_225' title='bbox 3331 3473 3352 3504; x_wconf 93' lang='lat'><strong>,</strong></span> <span class='ocrx_word' id='word_1_226' title='bbox 3401 3424 3555 3492; x_wconf 89' lang='lat' dir='ltr'><strong>tum</strong></span> <span class='ocrx_word' id='word_1_227' title='bbox 3601 3416 3890 3492; x_wconf 90' lang='lat' dir='ltr'><strong>demum</strong></span> <span class='ocrx_word' id='word_1_228' title='bbox 3965 3416 4056 3492; x_wconf 89' lang='lat' dir='ltr'><strong>de</strong></span> <span class='ocrx_word' id='word_1_229' title='bbox 4103 3414 4363 3490; x_wconf 83' lang='lat' dir='ltr'><strong>viribus</strong></span> 
     </span>
     <span class='ocr_line' id='line_1_24' title="bbox 1308 3535 4357 3637; baseline -0.001 -23"><span class='ocrx_word' id='word_1_230' title='bbox 1308 3539 1637 3614; x_wconf 90' lang='lat' dir='ltr'><strong>materiae</strong></span> <span class='ocrx_word' id='word_1_231' title='bbox 1688 3537 2058 3637; x_wconf 89' lang='lat' dir='ltr'><strong>loquimur.</strong></span> <span class='ocrx_word' id='word_1_232' title='bbox 2158 3537 2493 3612; x_wconf 88' lang='lat' dir='ltr'><strong>Materias</strong></span> <span class='ocrx_word' id='word_1_233' title='bbox 2541 3538 2768 3613; x_wconf 88' lang='lat' dir='ltr'><strong>dunas</strong></span> <span class='ocrx_word' id='word_1_234' title='bbox 2811 3537 3156 3637; x_wconf 87' lang='lat' dir='ltr'><strong>simplices</strong></span> <span class='ocrx_word' id='word_1_235' title='bbox 3172 3593 3194 3626; x_wconf 90' lang='lat'><strong>,</strong></span> <span class='ocrx_word' id='word_1_236' title='bbox 3241 3536 3316 3611; x_wconf 92' lang='lat' dir='ltr'><strong>in</strong></span> <span class='ocrx_word' id='word_1_237' title='bbox 3359 3535 3874 3613; x_wconf 85' lang='lat' dir='ltr'><strong>conditionibus</strong></span> <span class='ocrx_word' id='word_1_238' title='bbox 3915 3535 4172 3610; x_wconf 86' lang='lat' dir='ltr'><strong>debitis</strong></span> <span class='ocrx_word' id='word_1_239' title='bbox 4213 3559 4357 3610; x_wconf 83' lang='lat' dir='ltr'><strong>ver-</strong></span> 
     </span>
     <span class='ocr_line' id='line_1_25' title="bbox 1314 3655 4354 3756; baseline -0.001 -23"><span class='ocrx_word' id='word_1_240' title='bbox 1314 3665 1545 3734; x_wconf 89' lang='lat' dir='ltr'><strong>santes</strong></span> <span class='ocrx_word' id='word_1_241' title='bbox 1562 3717 1583 3747; x_wconf 99' lang='lat'><strong>,</strong></span> <span class='ocrx_word' id='word_1_242' title='bbox 1634 3681 1871 3734; x_wconf 90' lang='lat' dir='ltr'><strong>secum</strong></span> <span class='ocrx_word' id='word_1_243' title='bbox 1916 3657 2213 3732; x_wconf 88' lang='lat' dir='ltr'><strong>invicem</strong></span> <span class='ocrx_word' id='word_1_244' title='bbox 2256 3655 2590 3756; x_wconf 78' lang='lat' dir='ltr'><strong>coniungi</strong></span> <span class='ocrx_word' id='word_1_245' title='bbox 2632 3656 2950 3732; x_wconf 86' lang='lat' dir='ltr'><strong>videmus</strong></span> <span class='ocrx_word' id='word_1_246' title='bbox 2968 3715 2989 3745; x_wconf 87' lang='lat'><strong>,</strong></span> <span class='ocrx_word' id='word_1_247' title='bbox 3031 3657 3130 3732; x_wconf 89' lang='lat' dir='ltr'><strong>ita</strong></span> <span class='ocrx_word' id='word_1_248' title='bbox 3171 3663 3252 3731; x_wconf 93' lang='lat' dir='ltr'><strong>ut</strong></span> <span class='ocrx_word' id='word_1_249' title='bbox 3297 3655 3748 3756; x_wconf 85' lang='lat' dir='ltr'><strong>proprietates</strong></span> <span class='ocrx_word' id='word_1_250' title='bbox 3789 3655 4084 3756; x_wconf 78' lang='lat' dir='ltr'><strong>singulis</strong></span> <span class='ocrx_word' id='word_1_251' title='bbox 4125 3655 4354 3730; x_wconf 88' lang='lat' dir='ltr'><strong>inhae-</strong></span> 
     </span>
     <span class='ocr_line' id='line_1_26' title="bbox 1311 3776 4362 3878; baseline 0 -26"><span class='ocrx_word' id='word_1_252' title='bbox 1311 3785 1541 3853; x_wconf 90' lang='lat' dir='ltr'><strong>rentes</strong></span> <span class='ocrx_word' id='word_1_253' title='bbox 1604 3778 1765 3878; x_wconf 89' lang='lat' dir='ltr'><strong>plus</strong></span> <span class='ocrx_word' id='word_1_254' title='bbox 1830 3776 2066 3852; x_wconf 88' lang='lat' dir='ltr'><strong>minus</strong></span> <span class='ocrx_word' id='word_1_255' title='bbox 2126 3785 2425 3866; x_wconf 83' lang='lat' dir='ltr'><strong>exuant,</strong></span> <span class='ocrx_word' id='word_1_256' title='bbox 2473 3776 2772 3853; x_wconf 90' lang='lat' dir='ltr'><strong>induant</strong></span> <span class='ocrx_word' id='word_1_257' title='bbox 2819 3785 3058 3854; x_wconf 90' lang='lat' dir='ltr'><strong>contra</strong></span> <span class='ocrx_word' id='word_1_258' title='bbox 3101 3801 3312 3854; x_wconf 85' lang='lat' dir='ltr'><strong>novas</strong></span> <span class='ocrx_word' id='word_1_259' title='bbox 3363 3801 3618 3876; x_wconf 87' lang='lat' dir='ltr'><strong>easque</strong></span> <span class='ocrx_word' id='word_1_260' title='bbox 3663 3777 3922 3854; x_wconf 87' lang='lat' dir='ltr'><strong>alienas</strong></span> <span class='ocrx_word' id='word_1_261' title='bbox 3965 3803 4010 3854; x_wconf 89' lang='lat' dir='ltr'><strong>a</strong></span> <span class='ocrx_word' id='word_1_262' title='bbox 4053 3778 4362 3854; x_wconf 86' lang='lat' dir='ltr'><strong>materiis</strong></span> 
     </span>
     <span class='ocr_line' id='line_1_27' title="bbox 1312 3896 4356 4000; baseline 0.001 -30"><span class='ocrx_word' id='word_1_263' title='bbox 1312 3897 1483 3986; x_wconf 90' lang='lat' dir='ltr'><strong>illis,</strong></span> <span class='ocrx_word' id='word_1_264' title='bbox 1532 3923 1711 3996; x_wconf 88' lang='lat' dir='ltr'><strong>quae</strong></span> <span class='ocrx_word' id='word_1_265' title='bbox 1760 3921 2009 3974; x_wconf 85' lang='lat' dir='ltr'><strong>novam</strong></span> <span class='ocrx_word' id='word_1_266' title='bbox 2054 3897 2604 3996; x_wconf 69' lang='lat' dir='ltr'><strong>composuerint,</strong></span> <span class='ocrx_word' id='word_1_267' title='bbox 2649 3904 2722 3974; x_wconf 93' lang='lat' dir='ltr'><strong>et</strong></span> <span class='ocrx_word' id='word_1_268' title='bbox 2763 3897 3112 4000; x_wconf 85' lang='lat' dir='ltr'><strong>loquimur</strong></span> <span class='ocrx_word' id='word_1_269' title='bbox 3155 3896 3244 3972; x_wconf 90' lang='lat' dir='ltr'><strong>de</strong></span> <span class='ocrx_word' id='word_1_270' title='bbox 3307 3897 3566 3972; x_wconf 84' lang='lat' dir='ltr'><strong>viribus</strong></span> <span class='ocrx_word' id='word_1_271' title='bbox 3615 3897 4008 3989; x_wconf 87' lang='lat' dir='ltr'><strong>affinitatis,</strong></span> <span class='ocrx_word' id='word_1_272' title='bbox 4059 3898 4150 3972; x_wconf 92' lang='lat' dir='ltr'><strong>de</strong></span> <span class='ocrx_word' id='word_1_273' title='bbox 4201 3898 4356 3972; x_wconf 78' lang='lat' dir='ltr'><strong>viri-</strong></span> 
     </span>
     <span class='ocr_line' id='line_1_28' title="bbox 1315 4014 4360 4118; baseline 0.002 -31"><span class='ocrx_word' id='word_1_274' title='bbox 1315 4014 1453 4089; x_wconf 86' lang='lat' dir='ltr'><strong>bus</strong></span> <span class='ocrx_word' id='word_1_275' title='bbox 1501 4018 1843 4093; x_wconf 85' lang='lat' dir='ltr'><strong>chemicis.</strong></span> <span class='ocrx_word' id='word_1_276' title='bbox 1944 4017 2177 4093; x_wconf 87' lang='lat' dir='ltr'><strong>Causa</strong></span> <span class='ocrx_word' id='word_1_277' title='bbox 2226 4043 2385 4094; x_wconf 86' lang='lat' dir='ltr'><strong>vero</strong></span> <span class='ocrx_word' id='word_1_278' title='bbox 2425 4018 2638 4096; x_wconf 86' lang='lat' dir='ltr'><strong>huius</strong></span> <span class='ocrx_word' id='word_1_279' title='bbox 2685 4017 3190 4096; x_wconf 85' lang='lat' dir='ltr'><strong>coniunctionis</strong></span> <span class='ocrx_word' id='word_1_280' title='bbox 3237 4017 3464 4118; x_wconf 82' lang='lat' dir='ltr'><strong>posita</strong></span> <span class='ocrx_word' id='word_1_281' title='bbox 3509 4025 3617 4094; x_wconf 90' lang='lat' dir='ltr'><strong>est</strong></span> <span class='ocrx_word' id='word_1_282' title='bbox 3659 4017 3734 4092; x_wconf 91' lang='lat' dir='ltr'><strong>in</strong></span> <span class='ocrx_word' id='word_1_283' title='bbox 3787 4017 4065 4118; x_wconf 91' lang='lat' dir='ltr'><strong>propria</strong></span> <span class='ocrx_word' id='word_1_284' title='bbox 4115 4025 4360 4092; x_wconf 87' lang='lat' dir='ltr'><strong>natura</strong></span> 
     </span>
     <span class='ocr_line' id='line_1_29' title="bbox 1315 4133 4358 4239; baseline 0.001 -31"><span class='ocrx_word' id='word_1_285' title='bbox 1315 4133 1747 4233; x_wconf 81' lang='lat' dir='ltr'><strong>singularum</strong></span> <span class='ocrx_word' id='word_1_286' title='bbox 1800 4133 2242 4210; x_wconf 79' lang='lat' dir='ltr'><strong>materiarum</strong></span> <span class='ocrx_word' id='word_1_287' title='bbox 2304 4159 2682 4236; x_wconf 91' lang='lat' dir='ltr'><strong>earumque</strong></span> <span class='ocrx_word' id='word_1_288' title='bbox 2738 4137 2970 4212; x_wconf 88' lang='lat' dir='ltr'><strong>indole</strong></span> <span class='ocrx_word' id='word_1_289' title='bbox 2987 4193 3009 4226; x_wconf 88' lang='lat'><strong>,</strong></span> <span class='ocrx_word' id='word_1_290' title='bbox 3067 4161 3294 4235; x_wconf 88' lang='lat' dir='ltr'><strong>neque</strong></span> <span class='ocrx_word' id='word_1_291' title='bbox 3343 4138 3528 4214; x_wconf 89' lang='lat' dir='ltr'><strong>ultra</strong></span> <span class='ocrx_word' id='word_1_292' title='bbox 3567 4138 3891 4239; x_wconf 80' lang='lat' dir='ltr'><strong>progredi</strong></span> <span class='ocrx_word' id='word_1_293' title='bbox 3937 4137 4244 4214; x_wconf 78' lang='lat' dir='ltr'><strong>valemus</strong></span> <span class='ocrx_word' id='word_1_294' title='bbox 4281 4137 4358 4212; x_wconf 91' lang='lat' dir='ltr'><strong>in</strong></span> 
     </span>
     <span class='ocr_line' id='line_1_30' title="bbox 1316 4251 4357 4358; baseline 0.001 -30"><span class='ocrx_word' id='word_1_295' title='bbox 1316 4251 1895 4351; x_wconf 88' lang='lat' dir='ltr'><strong>contemplatione</strong></span> <span class='ocrx_word' id='word_1_296' title='bbox 1908 4311 1929 4342; x_wconf 92' lang='lat'><strong>,</strong></span> <span class='ocrx_word' id='word_1_297' title='bbox 1983 4277 2163 4352; x_wconf 85' lang='lat' dir='ltr'><strong>quae</strong></span> <span class='ocrx_word' id='word_1_298' title='bbox 2213 4253 2308 4330; x_wconf 87' lang='lat' dir='ltr'><strong>ad</strong></span> <span class='ocrx_word' id='word_1_299' title='bbox 2348 4255 2746 4357; x_wconf 87' lang='lat' dir='ltr'><strong>disciplinas</strong></span> <span class='ocrx_word' id='word_1_300' title='bbox 2783 4257 3130 4334; x_wconf 87' lang='lat' dir='ltr'><strong>naturales</strong></span> <span class='ocrx_word' id='word_1_301' title='bbox 3167 4257 3530 4358; x_wconf 87' lang='lat' dir='ltr'><strong>pertineat.</strong></span> <span class='ocrx_word' id='word_1_302' title='bbox 3593 4257 3734 4334; x_wconf 88' lang='lat' dir='ltr'><strong>Sed</strong></span> <span class='ocrx_word' id='word_1_303' title='bbox 3765 4263 4357 4357; x_wconf 85' lang='lat' dir='ltr'><strong>repraesentamus</strong></span> 
     </span>
     <span class='ocr_line' id='line_1_31' title="bbox 1314 4373 4360 4477; baseline 0.001 -28"><span class='ocrx_word' id='word_1_304' title='bbox 1314 4373 1517 4451; x_wconf 91' lang='lat' dir='ltr'><strong>nobis</strong></span> <span class='ocrx_word' id='word_1_305' title='bbox 1563 4397 1846 4450; x_wconf 90' lang='lat' dir='ltr'><strong>causam</strong></span> <span class='ocrx_word' id='word_1_306' title='bbox 1887 4373 2099 4450; x_wconf 87' lang='lat' dir='ltr'><strong>huius</strong></span> <span class='ocrx_word' id='word_1_307' title='bbox 2140 4373 2600 4474; x_wconf 83' lang='lat' dir='ltr'><strong>phaenomeni</strong></span> <span class='ocrx_word' id='word_1_308' title='bbox 2633 4384 3250 4454; x_wconf 86' lang='lat' dir='ltr'><strong>commemorantes</strong></span> <span class='ocrx_word' id='word_1_309' title='bbox 3286 4376 3686 4454; x_wconf 84' lang='lat' dir='ltr'><strong>facultatem</strong></span> <span class='ocrx_word' id='word_1_310' title='bbox 3715 4403 3842 4454; x_wconf 87' lang='lat' dir='ltr'><strong>seu</strong></span> <span class='ocrx_word' id='word_1_311' title='bbox 3870 4377 4360 4477; x_wconf 88' lang='lat' dir='ltr'><strong>proprietatem</strong></span> 
     </span>
     <span class='ocr_line' id='line_1_32' title="bbox 1310 4495 4358 4600; baseline 0.001 -30"><span class='ocrx_word' id='word_1_312' title='bbox 1310 4495 1757 4572; x_wconf 81' lang='lat' dir='ltr'><strong>materiarum</strong></span> <span class='ocrx_word' id='word_1_313' title='bbox 1786 4495 2211 4572; x_wconf 79' lang='lat' dir='ltr'><strong>diversarum</strong></span> <span class='ocrx_word' id='word_1_314' title='bbox 2223 4527 2243 4586; x_wconf 81' lang='lat'>3</span> <span class='ocrx_word' id='word_1_315' title='bbox 2274 4497 2868 4597; x_wconf 90' lang='lat' dir='ltr'><strong>quemadmodum</strong></span> <span class='ocrx_word' id='word_1_316' title='bbox 2902 4522 3184 4574; x_wconf 87' lang='lat' dir='ltr'><strong>causam</strong></span> <span class='ocrx_word' id='word_1_317' title='bbox 3223 4523 3426 4574; x_wconf 87' lang='lat' dir='ltr'><strong>casus</strong></span> <span class='ocrx_word' id='word_1_318' title='bbox 3461 4500 3568 4575; x_wconf 89' lang='lat' dir='ltr'><strong>vel</strong></span> <span class='ocrx_word' id='word_1_319' title='bbox 3594 4499 3964 4600; x_wconf 82' lang='lat' dir='ltr'><strong>presaionis</strong></span> <span class='ocrx_word' id='word_1_320' title='bbox 3994 4521 4358 4600; x_wconf 89' lang='lat' dir='ltr'><strong>corporum</strong></span> 
     </span>
     <span class='ocr_line' id='line_1_33' title="bbox 1314 4613 4360 4721; baseline 0.002 -33"><span class='ocrx_word' id='word_1_321' title='bbox 1314 4613 1517 4692; x_wconf 89' lang='lat' dir='ltr'><strong>nobis</strong></span> <span class='ocrx_word' id='word_1_322' title='bbox 1570 4623 2165 4715; x_wconf 87' lang='lat' dir='ltr'><strong>repraesentamus</strong></span> <span class='ocrx_word' id='word_1_323' title='bbox 2204 4619 2812 4695; x_wconf 90' lang='lat' dir='ltr'><strong>commemorando</strong></span> <span class='ocrx_word' id='word_1_324' title='bbox 2861 4619 3042 4697; x_wconf 85' lang='lat' dir='ltr'><strong>vires</strong></span> <span class='ocrx_word' id='word_1_325' title='bbox 3083 4620 3512 4696; x_wconf 87' lang='lat' dir='ltr'><strong>attractionis</strong></span> <span class='ocrx_word' id='word_1_326' title='bbox 3555 4619 3660 4696; x_wconf 79' lang='lat' dir='ltr'><strong>vel</strong></span> <span class='ocrx_word' id='word_1_327' title='bbox 3695 4619 4078 4721; x_wconf 83' lang='lat' dir='ltr'><strong>gravitatis.</strong></span> <span class='ocrx_word' id='word_1_328' title='bbox 4181 4619 4360 4698; x_wconf 80' lang='lat' dir='ltr'><strong>Qui·</strong></span> 
     </span>
     <span class='ocr_line' id='line_1_34' title="bbox 1316 4737 4360 4841; baseline 0.001 -31"><span class='ocrx_word' id='word_1_329' title='bbox 1316 4758 1617 4833; x_wconf 88' lang='lat' dir='ltr'><strong>cumque</strong></span> <span class='ocrx_word' id='word_1_330' title='bbox 1662 4737 1877 4814; x_wconf 87' lang='lat' dir='ltr'><strong>claras</strong></span> <span class='ocrx_word' id='word_1_331' title='bbox 1910 4737 2228 4815; x_wconf 86' lang='lat' dir='ltr'><strong>notiones</strong></span> <span class='ocrx_word' id='word_1_332' title='bbox 2268 4746 2502 4815; x_wconf 88' lang='lat' dir='ltr'><strong>mente</strong></span> <span class='ocrx_word' id='word_1_333' title='bbox 2547 4739 2682 4816; x_wconf 89' lang='lat' dir='ltr'><strong>sibi</strong></span> <span class='ocrx_word' id='word_1_334' title='bbox 2719 4738 3224 4831; x_wconf 78' lang='lat' dir='ltr'><strong>informaverit,</strong></span> <span class='ocrx_word' id='word_1_335' title='bbox 3261 4765 3652 4841; x_wconf 87' lang='lat' dir='ltr'><strong>numquam</strong></span> <span class='ocrx_word' id='word_1_336' title='bbox 3686 4741 3822 4818; x_wconf 92' lang='lat' dir='ltr'><strong>alia</strong></span> <span class='ocrx_word' id='word_1_337' title='bbox 3859 4739 4360 4841; x_wconf 80' lang='lat' dir='ltr'><strong>significatione</strong></span> 
     </span>
     <span class='ocr_line' id='line_1_35' title="bbox 1314 4852 4360 4963; baseline 0.003 -36"><span class='ocrx_word' id='word_1_338' title='bbox 1314 4852 1509 4932; x_wconf 90' lang='lat' dir='ltr'><strong>illam</strong></span> <span class='ocrx_word' id='word_1_339' title='bbox 1534 4877 1769 4933; x_wconf 85' lang='lat' dir='ltr'><strong>vocem</strong></span> <span class='ocrx_word' id='word_1_340' title='bbox 1792 4861 1973 4936; x_wconf 74' lang='lat' dir='ltr'><strong>vires</strong></span> <span class='ocrx_word' id='word_1_341' title='bbox 2000 4859 2271 4936; x_wconf 88' lang='lat' dir='ltr'><strong>sumsit.</strong></span> <span class='ocrx_word' id='word_1_342' title='bbox 2324 4858 2600 4939; x_wconf 85' lang='lat' dir='ltr'><strong>Quodsi</strong></span> <span class='ocrx_word' id='word_1_343' title='bbox 2624 4859 2842 4959; x_wconf 83' lang='lat' dir='ltr'><strong>igitur</strong></span> <span class='ocrx_word' id='word_1_344' title='bbox 2879 4887 2962 4938; x_wconf 95' lang='lat' dir='ltr'><strong>eo</strong></span> <span class='ocrx_word' id='word_1_345' title='bbox 2997 4885 3236 4957; x_wconf 88' lang='lat' dir='ltr'><strong>sensu,</strong></span> <span class='ocrx_word' id='word_1_346' title='bbox 3267 4886 3408 4962; x_wconf 90' lang='lat' dir='ltr'><strong>quo</strong></span> <span class='ocrx_word' id='word_1_347' title='bbox 3435 4885 3546 4938; x_wconf 88' lang='lat' dir='ltr'><strong>res</strong></span> <span class='ocrx_word' id='word_1_348' title='bbox 3571 4862 3646 4938; x_wconf 94' lang='lat' dir='ltr'><strong>in</strong></span> <span class='ocrx_word' id='word_1_349' title='bbox 3673 4861 4056 4963; x_wconf 89' lang='lat' dir='ltr'><strong>disciplinis</strong></span> <span class='ocrx_word' id='word_1_350' title='bbox 4079 4869 4360 4939; x_wconf 87' lang='lat' dir='ltr'><strong>natura-</strong></span> 
     </span>
    </p>
   </div>
   <div class='ocr_carea' id='block_1_3' title="bbox 4905 4311 4917 4895">
    <p class='ocr_par' dir='ltr' id='par_1_7' title="bbox 4905 4311 4917 4895">
     <span class='ocr_line' id='line_1_36' title="bbox 4905 4311 4917 4895; baseline 0 0"><span class='ocrx_word' id='word_1_351' title='bbox 4905 4311 4917 4895; x_wconf 95' lang='lat' dir='ltr'><strong> </strong></span> 
     </span>
    </p>
   </div>
  </div>
 </body>
</html>
