4934 6184
1369 637 1498 706 160
1591 622 1600 633 '
2415 639 2466 705 1.
2530 637 2941 706 msslNK
3000 639 3361 706 ιΑΝεΕΝ

1415 899 1423 906 ·
1463 845 1829 922 Eiusmodi
1899 871 1944 922 a
2012 870 2170 922 vera
2243 845 2356 922 via
2422 847 2763 923 aberratio
2826 845 3118 924 istarum
3179 846 3697 948 disciplinarum
3757 851 4124 948 postremis
4204 854 4411 930 annis

1363 967 1649 1043 omnino
1716 967 2076 1043 observata
2127 973 2274 1056 est;
2345 965 2463 1042 illa
2535 990 2785 1066 nempe
2832 966 3205 1056 aberratio,
3267 991 3447 1067 quae
3508 993 3549 1044 a
3610 969 3896 1044 materia
3954 971 4107 1070 ipsa
4150 996 4406 1049 nomen

1363 1087 1706 1176 obtinuit,
1782 1111 1922 1186 qua
1995 1069 2260 1162 eruditi
2329 1086 2683 1164 materiem
2703 1143 2724 1174 ,
2796 1107 2923 1162 nec
2992 1088 3381 1188 quidquam
3446 1087 3638 1163 aliud
3710 1096 3980 1188 praeter
4046 1093 4407 1168 materiem

1364 1213 1815 1307 agnoscentes
1871 1231 1955 1282 eo
1995 1206 2473 1306 perducuntur
2531 1213 2613 1280 ut
2670 1207 2744 1282 in
2799 1208 2931 1283 hac
2986 1230 3195 1306 suum
3250 1207 3485 1282 Deum
3546 1217 3812 1307 ponant
3867 1216 3940 1283 et
3998 1210 4405 1311 religionem

1361 1335 1432 1400 et
1491 1326 1714 1402 officia
1776 1326 2142 1402 hominum
2194 1333 2541 1416 evertant,
2605 1325 2843 1425 itaque
2896 1325 3162 1402 homini
3224 1325 3517 1427 eripiant
3580 1326 3659 1402 id
3720 1328 3910 1426 quod
3956 1353 4122 1428 prae
4180 1334 4399 1408 omni-

1358 1446 1496 1522 bus
1539 1445 1824 1546 reliquis
1882 1469 2122 1522 carum
2191 1471 2340 1522 esse
2383 1447 2485 1522 illi
2533 1446 2743 1522 debet
2810 1455 2883 1522 et
2946 1446 3095 1522 sinc
3156 1470 3298 1545 quo
3347 1446 3727 1523 humanam
3776 1457 4099 1525 naturam
4152 1475 4399 1526 exuere

1357 1566 1746 1642 censendus
1797 1573 1925 1642 est.

1455 1687 1653 1762 Licet
1701 1688 1774 1761 in
1823 1687 2194 1763 Germania
2241 1686 2507 1761 malum
2544 1685 2721 1760 illud
2766 1687 2974 1762 latius
3018 1685 3373 1785 serpserit,
3422 1687 3495 1760 in
3526 1709 3667 1784 qua
3710 1685 3846 1762 ista
3870 1686 4403 1788 philosophandi

1352 1809 1528 1886 ratio
1579 1831 1742 1883 suos
1786 1795 1926 1883 sibi
1961 1807 2267 1882 obtinuit
2305 1815 2631 1906 patronos
2670 1805 2853 1881 inter
2896 1805 3335 1906 physiologos
3356 1864 3377 1894 ,
3425 1813 3733 1880 ceterum
3786 1806 4075 1881 eximios
4095 1866 4115 1897 ‚
4168 1816 4400 1883 tamen

1353 1955 1494 2004 non
1535 1929 1751 2004 libera
1775 1927 1865 2002 ab
1912 1927 2030 2002 illo
2071 1927 2252 2004 malo
2299 1925 2557 2000 mansit
2600 1925 2823 2025 patria
2866 1934 3121 2001 nostra.

1449 2051 1702 2148 Itaque
1771 2070 1911 2122 non
1980 2046 2153 2121 mihi
2225 2071 2507 2146 prorsus
2572 2046 2878 2121 alienum
2944 2045 3171 2120 visum
3240 2050 3348 2120 est
3414 2069 3501 2120 ex
3567 2044 3698 2120 hac
3760 2069 3837 2120 re
3904 2055 4401 2144 argumentum

1347 2168 1675 2284 orationis
1723 2168 2121 2241 desumere:
2183 2163 2410 2240 dicam
2463 2165 2681 2264 igitur
2740 2167 2827 2240 de
2882 2167 3199 2240 hodierno
3250 2167 3475 2239 studio
3529 2168 3879 2240 materiem
3924 2169 4199 2267 eiusque
4229 2195 4395 2268 pro-

1343 2289 1683 2385 prietates
1735 2312 1868 2386 pro
1936 2309 2186 2360 summo
2252 2287 2543 2360 hominis
2605 2294 2678 2360 et
2742 2287 3159 2386 reliquarum
3226 2309 3454 2360 rerum
3516 2293 3832 2362 naturam
3900 2289 4399 2386 interpretandi

1331 2398 1543 2504 fo'nte
1594 2408 1886 2481 habendi
1895 2441 1926 2492 ,·
1972 2405 2074 2480 ita
2121 2414 2202 2479 ut
2265 2429 2541 2480 summa
2592 2404 2801 2479 huius
2865 2404 3337 2505 philosophiae
3389 2405 3642 2504 placita
3696 2413 3769 2480 et
3830 2415 4243 2506 argumenta
4313 2407 4400 2482 ad

1351 2525 1820 2602 doctrinarum
1891 2524 2314 2600 naturalium
2378 2547 2693 2600 normam
2750 2548 3144 2600 recenseam
3210 2533 3283 2600 ct
3352 2551 3567 2625 quam
3638 2532 3827 2602 certo
3888 2527 3962 2600 in
4029 2528 4399 2626 perniciem

1346 2647 1798 2723 humanitatis
1849 2645 2127 2733 tendat,
2183 2645 2582 2721 ostendam!

1445 2767 1592 2842 Vos
1637 2767 1727 2842 A.
1756 2766 1855 2841 H.
1905 2763 2158 2841 animis
2201 2765 2601 2865 linguisque
2645 2766 2905 2842 favete!

1443 2886 1652 2962 Istud
1725 2884 2039 2962 studium
2109 2909 2148 2960 e
2207 2886 2497 2962 materia
2564 2894 2637 2962 et
2700 2885 3031 2962 materiae
3086 2885 3535 2964 facultatibus
3600 2885 3835 2962 omnia
3902 2887 4399 2987 interpretandi

1351 3033 1612 3084 novum
1684 3031 1826 3082 non
1891 3014 2022 3083 est.
2139 3007 2252 3082 Ne
2319 3006 2527 3104 longe
2596 3028 3049 3102 quaeramus,
3120 3005 3197 3080 in
3250 3003 3655 3080 memoriam
3721 3029 4119 3082 revocemus
4192 3007 4401 3082 finem

1353 3129 1610 3205 saeculi
1654 3127 2026 3227 superioris
2081 3151 2245 3202 cum
2295 3126 2370 3200 in
2415 3125 2775 3200 Gallorum
2824 3123 3257 3224 philosophia
3300 3123 3765 3223 maximopere
3816 3125 3993 3200 illud
4032 3126 4365 3202 emineret
4380 3184 4399 3216 ,

1354 3256 1428 3320 et
1473 3249 1658 3336 haecx
1683 3271 1794 3322 res
1838 3272 1883 3322 a
1921 3246 2192 3321 civibus
2231 3244 2772 3345 elegantioribus
2809 3251 2883 3319 et
2918 3243 3290 3320 ditioribus
3330 3243 3677 3345 plerisque
3715 3244 3917 3321 avide
3956 3245 4367 3344 arriperetur
4376 3283 4395 3338 ;

1352 3366 1512 3440 ideo
1561 3364 1850 3440 fortasse
1865 3423 1888 3452 ‚
1939 3365 2105 3464 quia
2123 3423 2143 3454 ,
2193 3365 2268 3440 in
2319 3365 2755 3465 corruptione
2820 3388 3094 3467 morum
3142 3365 3463 3440 universa
3481 3422 3504 3454 ,
3568 3365 3703 3440 ista
3758 3365 4195 3466 philosophia
4256 3389 4397 3442 mo·

1353 3509 1514 3560 rum
1557 3485 2114 3585 depravationem
2167 3493 2527 3560 excusaret
2570 3492 2643 3559 et
2684 3484 2973 3584 impune
3017 3485 3445 3583 permitteret
3476 3492 3559 3560 ut
3606 3485 4078 3586 voluptatibus
4118 3485 4397 3586 quibus-

1355 3606 1458 3680 vis
1523 3605 2008 3704 unuaquisque
2079 3611 2423 3703 quantum
2467 3604 2675 3680 vellet
2722 3605 3137 3704 indulgeret.
3236 3605 3677 3704 Quamquam
3718 3614 3957 3681 autem
3998 3605 4133 3682 ista
4183 3605 4397 3704 philo-

1355 3725 1598 3826 sophia
1633 3725 1822 3801 illius
1861 3725 2196 3824 temporis
2237 3749 2400 3800 cum
2436 3724 2648 3800 huius
2686 3725 2875 3815 aevi,
2927 3725 3015 3800 de
3058 3749 3199 3824 qua
3226 3725 3601 3824 loquimur,
3638 3725 3971 3828 nonnulla
4010 3725 4399 3800 communia

1359 3845 1570 3920 habet
1589 3904 1610 3935 ,
1681 3845 2070 3922 differentia
2121 3853 2356 3922 tamen
2413 3845 2613 3922 facile
2660 3852 2961 3922 notatur.
3061 3845 3149 3919 Id
3169 3905 3189 3934 ,
3262 3845 3452 3944 quod
3498 3853 3666 3921 tunc
3714 3845 4041 3946 temporis
4100 3845 4395 3946 suspica·

1360 3965 1618 4042 bantur
1685 3974 1758 4042 et
1823 3966 2186 4042 abstractis
2249 3965 2514 4066 ingenii
2584 3965 2883 4041 inventis
2949 3963 3519 4042 subindicabatur
3568 3973 3641 4040 et
3684 3964 4397 4068 argumentationibus

1361 4082 1738 4158 subtilibus
1811 4085 2280 4161 demonstrare
2345 4084 2761 4174 studebant,
2834 4085 3021 4160 idem
3072 4084 3280 4159 hodie
3339 4084 3538 4160 factis
3604 4090 4077 4184 superstruere
4140 4089 4215 4158 et
4278 4107 4397 4182 pro

1359 4202 1570 4278 rebus
1618 4202 1986 4301 diligenter
2035 4203 2405 4302 exploratis
2450 4213 2525 4280 et
2578 4230 2619 4278 e
2679 4205 3008 4282 doctrinis
3052 4205 3437 4280 secundum
3500 4211 3759 4280 rectam
3809 4202 4395 4280 ratiocinationem

1365 4323 1684 4398 deductis
1733 4322 1886 4398 aliis
1932 4323 2307 4398 obtrudere
2359 4323 2687 4422 cupiunt:
2737 4325 3107 4423 imperium
3162 4325 3485 4401 materiae
3544 4327 3618 4401 in
3666 4324 4017 4403 hominem
4068 4323 4163 4400 ab
4212 4323 4399 4398 omni

1363 4443 1798 4518 dubitatione
1869 4443 2215 4519 vindicare
2285 4443 2528 4518 volunt
2573 4451 2644 4518 et
2694 4444 2826 4519 sub
2886 4445 3105 4520 solida
3152 4445 3373 4521 forma
3414 4445 3971 4544 disciplinarum,
4020 4443 4095 4517 in
4141 4443 4396 4543 quibus

1359 4565 1560 4638 firma
1623 4565 2132 4663 argumentatio
2192 4571 2262 4638 et
2315 4563 2812 4639 demonstratio
2860 4563 2993 4640 sita
3054 4572 3197 4652 est,
3246 4564 3447 4640 nobis
3488 4565 3581 4640 ob
3638 4564 3874 4640 oculos
3931 4587 4187 4662 ponere
4254 4559 4393 4637 stu-

1362 4683 1549 4757 dent.
1600 4727 1699 4744 —
1755 4685 2315 4783 nArgumentum
2370 4708 2456 4760 ex
2528 4684 3003 4760 observatione
3072 4685 3451 4760 deductum
3470 4687 3539 4774 ‚”
3588 4724 3688 4742 ·—
3750 4684 3958 4760 verba
4015 4691 4183 4759 sunt
4225 4683 4393 4782 phy·

1366 4800 1609 4898 siologi
1677 4803 2046 4892 Germani,
2117 4804 2264 4903 qui,
2309 4804 2813 4906 philosophiam
2878 4807 3069 4884 illam
3150 4806 3421 4907 scriptis
3487 4805 3935 4906 popularibus
4010 4803 4397 4880 diffundere
