4934 6184
1319 661 1406 726 38
2334 659 2606 724 ACTA
2680 659 2789 723 IN
2852 659 3298 726 SENATU.

1761 863 1970 938 Iubet
2039 862 2201 940 dein
2263 863 2561 940 Senatus
2621 887 2880 941 novum
2942 865 3354 942 Actuarium
3416 864 3628 940 creari
3680 887 3766 940 ex
3816 869 4113 963 quatuor
4162 863 4341 938 Viris

1629 981 2118 1062 .Clarissimis:

2381 1105 2472 1180 A.
2522 1105 2606 1179 E.
2659 1103 2897 1180 Smon
2944 1105 3277 1180 Taouas.

2383 1224 2479 1300 N.
2531 1223 2614 1298 C.
2664 1223 2875 1300 K1sr.

2379 1341 2462 1416 F.
2512 1341 2827 1416 Kalena.

2379 1461 2444 1534 I.
2496 1459 2594 1535 H.
2646 1461 3052 1536 Srurrnn.

1315 1656 1451 1730 Die
1551 1660 1593 1730 5
1653 1654 2034 1730 Februarii.
2079 1715 2088 1726 .
2133 1652 2494 1730 Recitatur
2550 1655 2907 1730 decretum
2950 1653 3255 1755 Regium
3268 1712 3289 1743 ,
3336 1677 3476 1752 quo
3518 1653 3593 1728 in
3636 1675 3901 1728 annum
3941 1651 4334 1752 proximum

1639 1772 2074 1866 *Academiae
2135 1771 2393 1848 Rector
2441 1773 2867 1875 Magnificus
2924 1780 3195 1850 creatur
3254 1773 3385 1848 Vir
3426 1772 3907 1862 Clarissimus,
3956 1773 4335 1848 Iomanes

1661 1893 2049 1970 Hnumcus
2100 1893 2513 1972 Senonum

1753 2055 2036 2134 Rectori
2075 2055 2314 2134 futuro
2357 2057 2761 2134 Assessores
2808 2058 3261 2158 designantur
3304 2056 3459 2132 Viri
3504 2055 3926 2134 Clarissimi=

2381 2219 2444 2294 I.
2496 2241 2645 2293 vau
2694 2241 2843 2294 nnn
2888 2219 3229 2295 Honvms.

2379 2339 2469 2415 A.
2520 2338 2893 2416 Rurenns.

2379 2459 2470 2534 G.
2521 2459 2603 2534 C.
2654 2460 2739 2534 B.
2791 2460 3196 2536 Sunmcan.

2387 2577 2460 2653 S.
2509 2577 2937 2656 V1ssnnme.

1313 2770 1452 2846 Die
1547 2772 1594 2846 8
1648 2769 2030 2848 Februarii.
2143 2769 2404 2846 Rector
2469 2773 2567 2850 ad
2634 2773 2971 2850 Senatum
3038 2772 3247 2864 refert
3314 2773 3391 2848 in
3462 2777 3809 2846 conventu
3882 2770 4312 2846 Curatorum
4320 2828 4345 2858 ‚

1653 2889 1968 2966 Rectoris
2021 2889 2386 2990 Magnifici
2443 2899 2519 2966 et
2555 2893 3007 2970 Assessorum
3050 2892 3469 2970 Actuarium
3516 2892 3592 2965 in
3638 2891 4030 2990 proximum
4072 2913 4339 2966 annum
4924 2907 4927 2960 ι

1651 3014 1964 3082 creatum
2021 3033 2176 3084 esse
2233 3009 2487 3094 Yirum
2531 3009 3013 3086 Clarissimum
3051 3010 3545 3087 Axnimuu
3586 3009 4057 3086 Evaunum
4098 3008 4337 3082 Smon
4926 3063 4931 3145 ἡ

1661 3125 2003 3205 horus.

1751 3244 2008 3320 Rector
2065 3245 2491 3345 Magnificus
2546 3271 2709 3324 cum
2752 3247 3015 3324 Senatu
3050 3247 3471 3348 reliquisque
3512 3247 4022 3324 Professoribus
4066 3245 4142 3319 in
4185 3245 4333 3318 Au-

1656 3362 1988 3438 ditorium
2039 3365 2266 3440 maius
2307 3365 2685 3444 descendit.
2756 3369 3127 3444 Actuarius
3180 3392 3307 3467 pro
3354 3366 3678 3443 concione
3722 3367 3941 3465 Regis
3978 3364 4335 3440 decretum

1651 3481 1742 3556 de
1795 3481 2088 3558 Rectore
2141 3483 2218 3558 in
2259 3509 2523 3562 annum
2564 3494 2969 3586 sequentem
3012 3493 3239 3562 creato
3277 3487 3519 3563 recitat
3536 3545 3559 3576 ,
3618 3487 3791 3561 item
3828 3509 4005 3560 novo
4049 3483 4329 3558 Rectori

1649 3599 1922 3675 additos
1983 3613 2474 3702 commemorat
2518 3605 2916 3681 Assessores
2976 3615 3048 3681 et
3108 3606 3540 3682 Actum-ium.
3642 3607 3938 3692 Rector,
3998 3603 4327 3678 adscensu

1651 3719 2011 3810 cathedra,
2059 3722 2442 3798 orationem
2489 3724 2695 3800 dicit.
2746 3727 2831 3800 de
2874 3728 3244 3800 conditione
3271 3729 3561 3823 patriae
3606 3732 3878 3799 nostrae
3926 3731 3998 3798 et
4040 3724 4327 3796 moribus

1639 3839 2060 3916 Batavorum
2117 3843 2402 3920 Saeculo
2455 3843 2715 3918 XVII
2748 3871 2787 3920 e
2840 3846 3181 3920 Guilielmi
3220 3845 3511 3942 Templii
3554 3845 3727 3919 libro
3778 3844 4327 3918 Observationum

1641 3961 1916 4033 notatis.

1735 4077 1910 4152 Mox
1953 4079 2378 4158 solemnibus
2415 4081 2647 4158 verbis
2696 4083 3007 4182 deposito
3044 4082 3457 4182 magistratu
3494 4107 3535 4156 e
3578 4081 3901 4156 cathedra
3942 4078 4321 4153 descendit.

1739 4197 2020 4272 Novum
2076 4198 2445 4276 Rectorem
2500 4201 2965 4300 Magnificum
3005 4201 3429 4278 Professores
3479 4201 3917 4276 deduxerunt
3959 4206 4031 4274 et
4072 4198 4329 4274 officio-

1519 4339 1526 4344 ·
1649 4315 1914 4391 sissime
1964 4317 2374 4396 salutarunt.
