4934 6184
1066 1453 1531 1524 ACADEMIAE
1576 1453 2167 1518 GBONINGANAE
2209 1445 2676 1519 CURATOBES
2691 1501 2706 1530 ,
2749 1455 2918 1520 VIBI
2959 1455 3448 1519 AMPLISSIMn

1064 1601 1209 1666 QUI
1248 1603 1385 1666 1118
1424 1603 1789 1666 ARAOTIS
1828 1605 1952 1680 ΕΒ,
1993 1603 2135 1668 VIR
2173 1602 2836 1667 CONSULTISSIMEI

1072 1750 1389 1813 REC'I'OB
1425 1751 1900 1826 MAGNIHGE,
1954 1749 2463 1816 GAETERIQUE
2507 1752 2752 1814 AB'I'IU
2757 1751 2824 1813 M
2864 1751 2966 1813 Ac
3009 1749 3638 1812 DISCIPLINARUM

1150 1854 1689 1917 Pnomssolms
1710 1901 1727 1930 ‚
1776 1855 1951 1918 vm
2002 1853 2454 1917 cLAmssnss
2468 1899 2486 1928 ,
2542 1852 2959 1916 COLLEGAE
3000 1852 3642 1915 EXOPTATISSIMI!

1078 2001 1226 2066 QUI
1276 2003 1453 2066 lum
1504 2003 1867 2066 DICUNDO
1914 2003 2022 2064 m*
2070 2003 2427 2065 OIVITATI
2481 2000 2918 2064 REGUNDAE
2967 2001 3388 2097 PRAEESTIS
3406 2047 3421 2073 ,
3471 2001 3644 2060 VIRI

1156 2101 1775 2168 PBUDENTISSIMI
1787 2151 1806 2180 ,
1848 2105 2467 2167 SPECTA'I'ISSIMII

1078 2249 1328 2312 VEBBI
1368 2249 1635 2314 DIVINI
1674 2251 2221 2315 INTERPRETES
2259 2251 2690 2314 PLUBJMUM
2727 2250 3230 2314 VENERANDII

1084 2397 1401 2458 AB'HUM
1461 2397 1565 2460 Ao
1626 2395 2259 2460 DISCIPLINARUM
2316 2395 2735 2457 DOCTORES
2793 2396 3340 2458 EBUDITISSIMI
3357 2443 3371 2468 ‚
3448 2397 3650 2457 PERI-

1167 2499 1495 2560 'rlssmn

1087 2645 1557 2708 AOADEMIAE
1599 2645 1825 2708 oms
1841 2690 1857 2719 ,
1897 2641 2248 2706 IUVENES
2288 2643 2835 2708 OBNATISSIMH

1092 2793 1657 2856 cmuscmmua
1746 2791 2109 2854 mmmm
2192 2791 2383 2855 Locl
2462 2794 2569 2856 m:
2651 2759 2979 2855 onmms
3075 2793 3214 2856 mc
3298 2792 3654 2866 AflEscus,

1174 2896 1624 2959 Annnromis
1676 2894 2252 2958 nummssmn
2368 2957 2371 2961 ,

858 3395 1256 3503 Notissima
1296 3451 1377 3504 ac
1419 3427 1825 3529 gravissima
1868 3428 2183 3528 quaestio
2230 3434 2379 3516 est,
2428 3447 2650 3528 quae,
2692 3428 2978 3504 ineunte
3011 3427 3150 3502 fere
3190 3426 3320 3503 hoc
3357 3427 3666 3516 saeculn,

619 3547 1032 3624 Germaniae
1100 3547 1442 3648 imprimis
1501 3549 1981 3626 celeberrimos
2044 3549 2333 3650 agitavit
2396 3550 2951 3639 Iureoonsultos,
3020 3572 3375 3658 quaeque,
3429 3549 3490 3622 si
3563 3548 3672 3623 vel
3779 3637 3783 3640 ‚

624 3691 847 3743 unum
871 3668 1164 3741 Savum
1203 3691 1359 3741 vere
1392 3667 1757 3743 classicum
1800 3668 2203 3742 attendatur
2244 3669 2699 3767 opusculum,
2742 3693 3002 3743 novum
3048 3668 3219 3741 iuris
3270 3665 3672 3764 disciplinae

627 3784 827 3885 quasi
884 3783 1190 3859 stadium
1258 3783 1565 3883 aperuit,
1632 3784 1723 3860 de
1787 3785 2105 3860 codicum
2156 3785 2393 3887 legum
2444 3785 2752 3862 civilium
2805 3785 3324 3863 condendorum
3370 3785 3672 3862 utilitate

630 3912 703 3980 et
752 3901 1289 4006 opportunitate.
3537 3897 3544 3900 ’

780 4025 941 4100 Imo
991 4047 1082 4099 ne
1140 4023 1347 4100 hodie
1408 4024 1693 4124 quidem
1743 4024 1902 4102 lites
1944 4024 2384 4127 compositae.
2488 4025 2692 4102 Unus
2734 4032 2806 4101 et
2851 4025 3242 4102 communis
3287 4025 3402 4102 ille
3463 4025 3678 4102 totius

636 4144 1050 4223 Germaniae
1114 4142 1287 4221 iuris
1348 4144 1565 4221 civilis
1622 4146 1838 4222 codex
1856 4204 1879 4237 ,
1946 4170 2159 4247 quem
2217 4153 2411 4222 tanto
2473 4147 2715 4222 ardore
2775 4144 3316 4247 efflagitaverant
3357 4146 3679 4246 plurimi,

636 4269 892 4343 iterum
960 4265 1053 4342 ad
1114 4265 1230 4366 pia
1286 4275 1451 4342 vota
1516 4265 1833 4346 videatur
1896 4270 2191 4359 relatae,
2254 4315 2357 4332 -
2402 4277 2516 4359 at,
2579 4269 2686 4344 vel
2737 4268 3070 4369 proximis
3125 4259 3378 4344 abhinc
3440 4267 3642 4341 annis
3661 4321 3684 4354 ‚

644 4411 865 4486 quum
928 4385 1003 4463 in
1066 4385 1367 4461 Saxonia
1426 4393 1500 4462 et
1574 4387 1833 4464 Hassia
1908 4387 2147 4489 legum
2206 4388 2512 4465 civilium
2575 4387 2852 4464 codices
2921 4387 3264 4464 ferrentur
3279 4445 3300 4476 ‚
3371 4385 3566 4462 novis
3625 4385 3687 4459 si

643 4531 784 4584 non
828 4505 1257 4607 argumentis
1274 4564 1295 4596 ‚
1342 4512 1417 4582 at
1471 4506 1722 4584 animis
1768 4507 1923 4584 lites
1970 4508 2478 4644 redintegratae
2524 4514 2710 4584 sunt.

747 4628 951 4707 Quae
992 4650 1215 4726 quum
1250 4635 1688 4727 reputarem,
1724 4636 2173 4728 nostramque
2207 4628 2381 4704 iuris
2415 4627 2635 4702 civilis
2677 4625 3180 4702 considerarem
3222 4625 3689 4702 conditionem

648 4749 889 4849 legum
931 4747 1193 4882 quippe
1236 4747 1591 4825 codicibus
1636 4747 1779 4823 iam
1814 4747 1940 4822 diu
1986 4747 2393 4837 stabilitam,
2435 4754 2683 4848 sponte
2722 4746 2924 4846 quasi
2961 4745 3234 4822 incidi
3214 4771 3286 4822 m
3325 4746 3652 4822 orationis
3669 4805 3690 4834 ,

654 4893 794 4968 qua
840 4867 1313 4969 gravissimam
1360 4868 1535 4946 mihi
1578 4867 1977 4946 mandatam
2029 4867 2419 4970 auspicarer
2470 4866 2927 4968 provinciam,
2969 4878 3481 4968 argumentum.
3561 4947 3566 4954 ,
