4934 6184
1742 699 2303 768 ORATIO.
3463 697 3548 766 19

512 936 725 1011 quam
786 910 1159 1008 expendit,
1222 908 1365 983 imo
1382 965 1403 998 ‚
1468 907 1707 984 minus
1768 907 2097 1008 expendit
2150 933 2362 1006 quam
2412 907 2678 983 reditus
2726 909 3243 1008 qualescunque
3289 908 3543 984 ferunt.

519 1033 614 1106 Et
672 1032 732 1106 si
796 1031 971 1106 forte
1038 1028 1331 1119 accidit,
1397 1035 1477 1102 ut
1529 1028 1777 1128 aliquis
1822 1053 2055 1105 annua
2104 1053 2406 1128 expensa
2452 1029 2846 1126 aequaverit
2895 1029 3192 1128 acceptis
3212 1087 3232 1116 ,
3281 1051 3548 1104 annum

516 1151 898 1251 perdidisse
944 1175 1017 1226 se
1065 1150 1439 1226 arbitratur
1461 1150 1585 1242 ⁶²).
1685 1149 1861 1224 Prae
1896 1148 2182 1224 caeteris
2227 1151 2368 1223 duo
2410 1149 2703 1224 illustria
2731 1150 3046 1249 exempla
3083 1150 3292 1224 huius
3329 1149 3547 1224 conti-

515 1271 789 1346 nentiae
834 1279 905 1346 et
944 1277 1219 1344 nostrae
1260 1269 1699 1344 admirationi
1735 1279 2234 1368 proponuntur.
2296 1270 2694 1344 Rurrnnus
2717 1328 2735 1358 ,
2786 1270 3046 1368 patriae
3091 1271 3206 1346 ille
3252 1270 3506 1346 vindex
3525 1328 3546 1358 ,

372 1399 387 1406 “
520 1391 887 1465 uimmensi
948 1399 1205 1465 tremor
1274 1389 1537 1463 Oceani
1555 1389 1625 1477 ,³⁹
1690 1413 1831 1487 quo
1893 1390 2150 1464 maiore
2213 1390 2407 1464 nullo
2474 1389 2851 1488 gloriamur
2923 1390 3068 1463 cive
3089 1449 3109 1478 ,
3183 1415 3548 1490 nunquam

512 1511 936 1610 splendidior
1005 1511 1079 1584 in
1138 1507 1499 1609 publicum
1570 1509 1893 1608 prodiens
1952 1509 2501 1607 conspiciebatur
2563 1535 2775 1607 quam
2821 1511 3115 1608 quilibet
3159 1513 3354 1587 navis
3399 1537 3548 1588 ma-

513 1632 729 1731 gister
746 1636 797 1719 ‚‘
844 1630 1035 1704 domi
1102 1631 1339 1704 alitem
1402 1629 1600 1702 cultu
1672 1635 1741 1704 et
1816 1630 2237 1727 supellectile
2308 1628 2635 1702 utebatur
2708 1655 2848 1703 non
2921 1631 3261 1705 ornatiore
3335 1655 3550 1729 quam

512 1751 899 1852 negotiator
966 1749 1259 1848 quilibet
1320 1749 2006 1824 Amstelodamensis.
2122 1750 2350 1824 Imus
2408 1757 2644 1823 autem
2697 1749 3034 1826 Wrrrms
3056 1808 3078 1840 ,
3146 1776 3286 1825 non
3339 1751 3550 1825 huius

510 1871 807 1946 civitatis
884 1870 1091 1944 modo
1110 1926 1131 1959 ‚
1210 1868 1335 1942 sed
1406 1869 1631 1944 omnis
1703 1869 1920 1943 ferme
1992 1869 2311 1968 Europae
2375 1868 2812 1944 fortunarum
2881 1871 3274 1944 moderator
3299 1924 3322 1964 ‚
3387 1871 3554 1946 belli

510 1993 848 2092 pacisque
894 2015 1099 2088 saepe
1142 1989 1438 2079 arbiter,
1488 2013 1630 2064 uno
1678 1995 1957 2065 tantum
1994 1988 2326 2064 utebatur
2365 1989 2628 2064 famulo
2647 2047 2668 2078 ,
2721 1989 2846 2088 qui
2889 1988 3284 2064 domesticis
3329 1991 3550 2066 omni-

510 2114 645 2187 bus
722 2110 1121 2206 ministeriis
1184 2110 1611 2209 fungebatur
1668 2110 1993 2208 idemque
2043 2109 2324 2184 domino
2366 2110 2440 2183 in
2499 2109 2921 2185 solemnibus
2941 2167 2961 2196 ,
3013 2115 3200 2183 veste
3240 2117 3549 2199 mutata,

517 2233 975 2333 pedissequus
1038 2238 1207 2306 erat.
1306 2231 1459 2306 Nec
1504 2239 1709 2330 poten
1719 2237 1822 2304 tes
1866 2231 1971 2304 illi
2012 2238 2083 2304 et
2130 2230 2520 2329 gravissimi
2570 2229 3252 2305 Amstelodamenses
3301 2229 3554 2328 Burgi-

510 2352 827 2451 magistri
862 2350 1297 2426 ambitiosius
1342 2349 1562 2425 fecere
1587 2352 1712 2443 ⁶³).
1765 2352 2242 2430 Quamobrem
2282 2353 2592 2426 sufficere
2639 2350 2726 2424 iis
2776 2351 3003 2425 visum
3053 2356 3159 2424 est
3199 2374 3282 2424 ea
3329 2357 3554 2424 aetate

512 2471 843 2546 salarium
907 2471 1417 2571 quingenorum
1481 2471 1919 2547 florenorum.
2018 2472 2521 2548 Verumtamen
2583 2496 2723 2545 non
2768 2469 3266 2570 negligendum
3283 2526 3302 2558 ,
3348 2468 3556 2568 quod

510 2592 709 2666 addit
773 2592 1149 2667 Titurnius
1171 2651 1191 2682 ,
1262 2592 1511 2667 iisdem
1573 2599 1734 2693 post
1784 2592 2181 2694 depositum
2238 2593 2727 2692 magistratum
2777 2591 2912 2666 alia
2958 2615 3246 2664 munera
3299 2588 3556 2689 oppido

507 2711 841 2810 opimiora
916 2711 1233 2787 mandari
1298 2713 1498 2788 solita
1566 2713 1821 2802 fuisse3
1878 2738 2009 2788 nec
2070 2713 2293 2813 magis
2312 2771 2336 2802 ‚
2400 2713 2646 2788 eodem
2710 2719 2886 2785 teste
2907 2768 2927 2802 ,
2976 2710 3258 2811 publico
3313 2717 3556 2786 sumtu

517 2831 607 2904 iis
684 2832 1105 2906 subventum
1180 2832 1395 2905 fuisse
1414 2851 1495 2920 ,“··
1507 2832 1782 2929 quoties
1842 2856 1881 2904 e
1938 2856 2013 2904 re
2071 2832 2367 2905 civitatis
2430 2856 2580 2904 esse
2637 2830 3004 2904 videbatur
3063 2832 3274 2906 lautis
3299 2811 3306 2820 ’
3331 2827 3554 2929 epulis

512 2955 783 3023 exteros
830 2948 1142 3046 excipere
1188 2948 1519 3046 hospites.

608 3067 749 3142 Sed
789 3091 928 3141 non
974 3066 1048 3140 in
1088 3067 1196 3141 his
1242 3066 1538 3142 rudibus
1585 3068 1828 3167 populi
1872 3069 2120 3143 Batavi
2164 3067 2417 3142 indolis
2457 3067 2892 3143 lineamentis
2938 3067 3257 3142 subsistit
3289 3074 3550 3143 auctor.

510 3188 801 3262 Ponitus
849 3212 1003 3261 eam
1048 3187 1379 3287 indagare
1428 3187 1713 3287 cupiens
1731 3246 1754 3278 ,
1802 3189 2133 3264 concinne
2182 3189 2536 3264 nationem
2580 3188 3072 3263 Hollandicam
3115 3185 3187 3260 i'n
3240 3188 3552 3287 quinque

517 3307 844 3382 describit
866 3307 964 3399 ⁵⁴)
1011 3307 1325 3382 ordines=
1366 3308 1697 3406 agricolas
1719 3368 1739 3398 ,
1778 3319 2027 3385 nautas
2048 3367 2070 3399 ‚
2110 3319 2522 3385 mercatores
2552 3315 2622 3382 et
2651 3309 3110 3407 negotiatores
3130 3366 3151 3397 ,
3187 3307 3510 3407 patricios
3528 3366 3550 3397 ,

510 3427 777 3502 nobiles
796 3483 818 3515 ‚
866 3434 939 3501 et
991 3451 1169 3527 quae
1221 3428 1512 3528 singulis
1567 3430 1843 3528 propria
1896 3431 2037 3505 sint
2076 3431 2349 3531 copiose
2394 3429 2697 3528 exponit.
2799 3431 3002 3508 Quae
3047 3430 3319 3504 silentio
3353 3453 3549 3528 prae-

512 3549 713 3622 terire
770 3554 955 3620 vetat
1007 3547 1333 3623 materiae
1390 3549 1667 3647 pondus
1713 3558 1784 3625 et
1824 3551 2213 3650 interpretis
2249 3550 2492 3651 religio
2514 3608 2534 3639 ,
2582 3574 3010 3648 quamquam
3058 3550 3187 3625 hoc
3235 3550 3552 3649 inprimis

514 3667 663 3743 loco
704 3693 1045 3742 memores
1092 3667 1242 3742 sitis
1287 3668 1532 3759 velim,
1579 3672 1669 3745 A.
1720 3671 1817 3747 H.
1841 3728 1863 3760 ‚
1910 3697 2147 3748 meum
2187 3679 2463 3746 tantum
2509 3694 2659 3744 esse
2691 3671 3010 3744 'summ
3046 3670 3134 3744 de
3173 3670 3552 3744 maioribus

515 3789 757 3862 vestris
800 3787 1056 3863 iudicia
1092 3788 1384 3863 candide
1426 3813 1861 3889 expromere3
1913 3815 2091 3889 quae
2136 3816 2363 3889 neque
2408 3790 2810 3864 confirmare
2855 3790 3282 3886 argumentis
3326 3813 3552 3888 neque

520 3906 822 3981 refellere
867 3907 943 3982 in
992 3908 1222 3984 animo
1270 3914 1415 3994 est3
1466 3933 1553 3981 ex
1600 3907 1883 4006 ingenio
1931 3933 2059 3983 suo
2106 3913 2401 4007 quisque
2450 3909 2686 3983 demat
2731 3907 2842 3980 vel
2887 3907 3100 3981 addat
3147 3909 3380 3982 fidem.

612 4025 841 4123 Igitur
889 4028 1253 4104 Ruricolae
1272 4087 1293 4120 ‚
1358 4028 1589 4127 inquit
1607 4086 1628 4119 ‚
1694 4051 1919 4127 genus
1966 4029 2331 4103 hominum
2380 4028 2652 4127 patiens
2707 4034 2870 4101 sunt
2916 4028 3140 4127 magis
3194 4051 3410 4127 quam
3457 4027 3548 4103 ad

514 4143 819 4218 laborem
872 4147 1184 4244 proclive.
1287 4149 1565 4224 Obtuso
1618 4149 1899 4248 ingenio
1942 4155 2016 4224 et
2058 4147 2441 4224 hebetiores
2464 4207 2486 4238 ‚
2535 4146 2954 4247 quibuscum
2997 4173 3138 4223 non
3181 4148 3546 4248 imperiose

515 4265 607 4338 sit
657 4265 1045 4363 agendum3
1096 4280 1167 4342 at
1218 4294 1545 4368 sequaces
1591 4270 1973 4345 dummodo
2023 4270 2349 4345 benevole
2398 4278 2467 4345 et
2510 4271 2813 4370 ingenue
2863 4293 2980 4344 eos
3027 4270 3388 4344 adhortere
3407 4329 3426 4358 ‚
3473 4277 3546 4344 et

514 4384 795 4460 sinceris
851 4390 1275 4484 argumentis
1311 4389 1508 4464 facile
1554 4392 1896 4468 cedentes.
2000 4393 2367 4467 Caeterum
2410 4391 2790 4491 simplices,
2831 4389 3188 4489 probique.
3264 4390 3544 4463 Bonum

514 4506 787 4579 nullum
847 4514 1102 4580 norunt
1164 4508 1297 4582 nisi
1347 4509 1719 4585 subvenire
1784 4511 2353 4600 necessitatibus,
2426 4507 2498 4585 ef:
2546 4555 2646 4571 --
2696 4510 2888 4608 quod
2929 4511 3256 4582 omnibus
3303 4505 3546 4603 utique

514 4649 881 4699 commune
938 4667 1041 4682 -
1102 4650 1355 4725 augere
1402 4652 1589 4726 opes.
1688 4631 1933 4706 Victus
1984 4631 2431 4729 quotidianus
2484 4637 2754 4706 constat
2804 4626 3104 4702 oleribus
3123 4683 3144 4712 ,
3195 4624 3546 4700 radicibus

518 4751 831 4843 (apparet
879 4745 1197 4820 solanum
1242 4747 1557 4822 nondum
1605 4747 1967 4846 vulgatum
2006 4749 2251 4840 fuisse)
2300 4757 2372 4824 et
2418 4749 2592 4823 lacte
2633 4755 2966 4821 concreto.
3041 4748 3204 4825 Quo
3237 4747 3546 4846 suspicor

513 4863 771 4938 factum
816 4859 967 4940 esse
988 4923 1009 4956 ,
1054 4857 1143 4940 'ut
1184 4866 1271 4942 iis
1310 4891 1675 4967 corporum
1722 4867 1898 4942 vires
1938 4875 2009 4945 et
2050 4869 2260 4945 robur
2300 4867 2492 4944 haud
2535 4864 3015 4968 respondeant
3033 4865 3445 4965 proceritati.

2966 4989 3012 5061 3
3031 4985 3075 5033 s
