4934 6184
1817 708 2374 776 ORATIO.
3490 709 3619 774 22⁷

585 922 866 1022 quidem
939 920 1064 1023 qui
1128 919 1312 996 male
1373 917 1736 996 scribendo
1797 925 2204 995 assuescunt
2267 925 2394 994 aut
2454 916 2701 1016 legunt
2748 917 2929 994 male
2977 916 3069 994 ab
3116 915 3269 994 aliis
3320 915 3573 1016 seripta
3592 975 3613 1010 ‚

586 1065 866 1120 sensum
917 1040 1300 1118 venustatis
1343 1045 1415 1114 et
1463 1039 1844 1138 elegantiae
1893 1039 2182 1115 Latinae
2231 1038 2559 1115 amittant
2612 1061 2891 1115 necesse
2936 1046 3064 1115 est.
3166 1038 3386 1138 Saepe
3434 1061 3615 1137 quae
3690 1129 3705 1140 ,

581 1163 746 1240 olim
800 1162 995 1239 docti
1057 1157 1451 1237 scribebant
1468 1217 1489 1248 ,
1553 1183 1693 1234 non
1750 1167 1948 1234 erant
1993 1158 2244 1235 Iatina
2261 1215 2282 1248 ,
2332 1157 2458 1234 sed
2502 1158 2779 1260 propria
2819 1157 3123 1258 quadam
3168 1158 3409 1258 lingua
3422 1217 3429 1228 .
3442 1181 3613 1251 conf

581 1283 836 1382 scripta
853 1338 874 1371 ,
943 1281 1032 1358 de
1093 1305 1236 1380 qua
1294 1279 1506 1355 tacito
1559 1301 1903 1355 consensu
1941 1279 2124 1355 inter
2161 1279 2469 1356 eruditos
2513 1285 2942 1356 convenerat.
3045 1280 3283 1359 Quam
3326 1300 3615 1355 eonsue-

579 1403 898 1480 tudinem
945 1402 1005 1477 si
1043 1401 1202 1502 quis
1243 1423 1410 1476 suae
1447 1399 1850 1498 disciplinae
1888 1424 2098 1476 causa
2133 1407 2521 1476 revocatam
2560 1398 2727 1475 velit
2742 1456 2763 1490 ,
2812 1406 2897 1490 ut
2912 1457 2933 1488 ,
2984 1399 3045 1474 si
3094 1399 3330 1476 minus
3372 1405 3611 1474 ornate

579 1532 703 1601 aut
741 1523 990 1599 Latine
1007 1580 1028 1612 ,
1077 1522 1282 1622 plane
1332 1527 1566 1596 tamen
1615 1527 1687 1596 et
1729 1519 2031 1596 dilucide
2073 1544 2236 1597 cum
2279 1518 2533 1597 exteris
2572 1519 3085 1596 communicare
3122 1518 3379 1619 possit,
3424 1541 3610 1617 ‚quae
3668 1549 3677 1554 ·

580 1645 745 1720 velit
761 1703 782 1732 ‚
833 1667 1052 1742 aeque
1095 1642 1226 1716 hoc
1271 1639 1476 1718 nobis
1523 1638 1890 1715 ferendum
1927 1647 2036 1716 est
2049 1699 2072 1730 ,
2119 1666 2200 1716 ac
2247 1641 2307 1716 si
2348 1641 2485 1717 alio
2518 1663 2837 1716 sermone
2874 1638 3203 1716 omnibus
3236 1645 3404 1716 noto
3446 1638 3613 1714 velit

583 1763 726 1852 uti;
776 1761 1202 1862 Philologiae
1252 1784 1412 1837 vero
1459 1784 1669 1837 causa
1717 1783 1860 1835 non
1916 1760 2138 1837 debeo
2185 1769 2442 1861 optare.
2542 1761 2775 1840 Pluris
2816 1761 2993 1838 facio
3038 1769 3302 1838 veteres
3318 1818 3339 1849 ,
3398 1783 3613 1858 quam

581 1892 662 1959 ut
727 1907 810 1958 ea
867 1882 955 1958 de
1011 1905 1224 1958 causa
1281 1879 1494 1956 lectos
1545 1879 1752 1956 velim
1770 1938 1792 1970 ‚
1851 1886 1935 1955 ut
1988 1881 2146 1981 quis
2193 1880 2569 1981 aliquando
2618 1882 2799 1958 male
2848 1882 3147 1958 scribere
3192 1881 3433 1981 possit.
3506 1881 3613 1958 Ao

579 2006 640 2078 si
678 2003 798 2080 illa
841 2027 914 2077 re
963 2000 1276 2077 studium
1325 1999 1770 2100 antiquarum
1817 1999 2204 2076 litterarum
2251 2009 2434 2076 esset
2476 2003 3011 2078 sustentandum
3032 2060 3052 2091 ,
3102 2001 3613 2102 desperandum

579 2122 883 2222 profecto
931 2128 1116 2196 esset
1155 2119 1246 2193 de
1293 2143 1538 2206 causa,
1586 2143 1766 2217 quae
1809 2119 1935 2194 tali
1976 2119 2234 2194 auxilio
2274 2119 2641 2219 indigeret.

673 2241 930 2320 Adbuc
971 2238 1360 2338 expositum
1403 2244 1510 2314 est
1526 2295 1548 2326 ,
1570 2238 1728 2314 AA.
1747 2295 1768 2328 ,
1805 2237 1894 2312 de
1935 2237 2170 2314 studio
2213 2237 2493 2341 linguae
2518 2239 2810 2318 Iatinae
2834 2265 2975 2318 non
3002 2245 3263 2318 temore
3300 2240 3614 2340 aliquan-

579 2369 732 2436 tum
778 2359 1172 2434 imminuto.
1272 2357 1464 2433 Hinc
1510 2381 1670 2432 vero
1711 2357 1772 2432 si
1822 2357 1983 2457 quis
2026 2357 2278 2438 efficiat
2293 2417 2314 2446 ,
2363 2383 2629 2438 morem
2672 2360 2925 2437 Latine
2968 2359 3303 2460 loquendi
3338 2366 3412 2435 et
3450 2362 3615 2438 scri·

579 2480 794 2556 bendi
839 2503 1120 2578 prorsus
1164 2501 1316 2554 esse
1357 2474 1840 2577 abrogandum
1859 2533 1880 2564 ‚
1916 2477 2121 2575 plane
2163 2500 2276 2552 me
2315 2477 2841 2556 dissentientem
2878 2479 3185 2556 habebit.
3286 2477 3617 2579 Optabile

578 2600 754 2678 mihi
809 2599 1082 2674 videtur
1099 2655 1119 2688 ,
1185 2603 1270 2672 ut
1316 2595 1392 2671 in
1437 2595 1866 2696 argumentis
1907 2621 2070 2672 cum
2119 2597 2535 2698 antiquitate
2591 2597 2791 2676 nexis
2846 2623 3017 2675 usus
3060 2597 3177 2676 ille
3220 2604 3500 2676 maneat
3540 2598 3616 2674 in

578 2719 928 2820 theologia
988 2724 1062 2794 et
1126 2715 1668 2818 iurisprudentia
1686 2775 1707 2806 ,
1777 2717 1856 2792 in
1922 2701 2297 2818 philologia
2365 2717 2573 2818 plane
2637 2719 3125 2798 necessarium.
3224 2718 3377 2800 Qui
3438 2718 3617 2796 bene

581 2839 820 2916 scribit
879 2847 952 2914 et
1018 2837 1267 2914 Latine
1288 2895 1309 2925 ‚
1365 2835 1432 2912 is
1493 2843 1602 2912 est
1655 2837 1932 2914 dicendi
1989 2837 2257 2915 artifex.
2372 2840 2615 2939 Atque
2680 2839 2851 2916 haec
2915 2864 3027 2916 ars
3076 2865 3121 2916 a
3177 2839 3341 2918 viris
3392 2838 3616 2916 'doctis

527 2953 536 2964 '
578 2959 796 3060 pluris
859 2959 1056 3034 fieret
1069 3016 1090 3048 ,
1156 2957 1296 3033 nisi
1353 2957 1752 3034 nocuissent
1809 2957 1878 3034 ei
1937 2957 2170 3034 studia
2221 2956 2730 3037 inconsiderata
2792 2960 3253 3037 litteratorum
3311 2982 3616 3059 quorun·

581 3079 746 3155 dam
764 3136 785 3168 ,
836 3079 960 3179 qui
995 3077 1212 3155 nimia
1247 3063 1648 3154 Cronaoms
1683 3077 2138 3156 admiratione
2173 3079 2438 3155 incensi
2468 3079 2647 3156 nihil
2674 3079 3029 3181 analogiae
3049 3139 3071 3171 ‚
3118 3079 3297 3156 nihil
3328 3078 3613 3178 reliquis

581 3198 980 3276 auctoribus
1051 3197 1446 3274 tribuerunt
1506 3197 1568 3273 si
1637 3198 2037 3276 &canorus
2095 3199 2466 3276 auctoritas
2530 3200 2843 3290 abesset,
2912 3208 2985 3276 et
3048 3207 3196 3276 tam
3250 3198 3617 3300 diligenter

583 3318 735 3395 eius
791 3317 998 3394 verba
1013 3375 1036 3406 ,
1097 3316 1532 3416 metaphoras
1548 3375 1570 3407 ‚
1633 3319 2132 3396 sententiarum
2189 3327 2571 3396 structuras
2624 3326 2698 3396 et
2746 3344 3076 3396 numeros
3124 3326 3291 3396 sunt
3340 3318 3575 3396 rimati
3594 3377 3615 3406 ,

583 3445 665 3513 ut
717 3437 1036 3514 omnium
1085 3446 1269 3513 esset
1329 3461 1472 3512 una
1515 3439 1842 3515 orationis
1883 3437 2106 3514 forma
2148 3444 2222 3514 et
2259 3440 2619 3540 proprium
2665 3439 3103 3540 singulorum
3138 3438 3499 3540 ingenium
3544 3441 3619 3514 in

583 3557 854 3657 scriptis
903 3558 1016 3634 vix
1064 3557 1657 3635 internosceretur.
1756 3558 2230 3636 Veruntamen
2252 3613 2260 3618 -
2280 3567 2454 3661 quot
2502 3565 2670 3634 sunt
2714 3565 3125 3661 argumenta
3147 3617 3167 3649 ,
3219 3560 3311 3636 de
3360 3560 3620 3660 quibus

583 3677 699 3753 ille
758 3700 850 3752 ne
911 3676 1268 3776 cogitavit.
1303 3675 1626 3775 quidem!
1716 3673 1837 3750 Ad
1897 3699 2082 3772 quae
2141 3676 2623 3788 pertractanda
2684 3700 2777 3751 ne
2833 3677 3307 3754 circumitione
3354 3676 3619 3754 elumbi

581 3795 912 3871 orationis
972 3795 1166 3870 nervi
1225 3794 1646 3870 eliderentur
1705 3817 1848 3868 non
1911 3801 2108 3869 erant
2170 3794 2603 3893 repudianda
2664 3794 2965 3870 aliorum
3023 3794 3375 3874 vocabula.
3478 3795 3619 3872 Sed

587 3916 872 3990 fuerunt
888 3970 909 4003 ,
973 3913 1097 4013 qui
1141 3937 1388 4014 parum
1431 3913 1610 3990 illud
1657 3919 2060 4012 reputantes
2107 3912 2440 3989 librorum
2490 3912 2969 3988 Tullianorum
3020 3913 3433 3992 centonibus
3484 3915 3617 3990 im·

587 4057 830 4124 menso
876 4033 1108 4110 labore
1151 4033 1454 4110 collectis
1499 4033 1702 4134 quasi
1747 4031 2100 4108 musivum
2143 4055 2322 4130 opus
2369 4031 2711 4122 facerent,
2759 4032 2835 4108 in
2882 4057 3025 4133 quo

1349 4177 1532 4262 lepide
1567 4176 1740 4240 lexeis
1777 4180 2124 4259 compostae,
2165 4179 2230 4237 ut
2267 4179 2564 4240 tesserulae
2600 4197 2795 4240 omnes

1069 4325 1090 4342 .
1271 4279 1391 4336 arte
1427 4274 1743 4356 pavimento
1781 4279 1948 4354 atque
1983 4271 2314 4336 emblemate
2350 4275 2726 4338 vermiculato.

686 4396 804 4474 Ab
863 4396 1062 4473 Italis
1080 4455 1102 4487 ‚
1166 4396 1292 4495 qui
1349 4397 1626 4498 Laoms
1679 4395 1754 4471 X
1779 4403 2110 4497 tempore
2157 4396 2424 4472 Romae
2467 4405 2667 4474 erant
2684 4457 2704 4487 ,
2754 4398 2923 4474 haec
2967 4422 3079 4474 ars
3117 4396 3423 4497 profecta
3466 4403 3573 4472 est
3592 4453 3613 4484 ,

590 4542 731 4617 qua
771 4517 1058 4617 quidem
1099 4515 1200 4593 ita
1238 4515 1712 4617 gloriabantur
1728 4573 1750 4606 ‚
1799 4523 1882 4593 ut
1907 4523 2265 4616 ,quotquot
2300 4523 2499 4592 extra
2536 4517 2814 4594 Italiam
2860 4516 3007 4594 nati
3044 4522 3275 4592 essent
3316 4514 3573 4592 eruditi
3592 4573 3613 4604 ,

587 4661 758 4713 naso
829 4636 1330 4737 suspenderent
1391 4635 1664 4710 adunco
1677 4692 1698 4723 ,
1759 4641 1832 4712 et
1887 4633 2224 4710 auderent
2265 4634 2593 4711 barbaros
2646 4660 2883 4712 vocare
2902 4694 2922 4725 ,
2973 4635 3163 4735 quod
3210 4636 3433 4713 latum
3480 4659 3610 4710 un-

588 4782 800 4859 guem
857 4783 902 4834 a
957 4758 1338 4836 omnnem:
1401 4755 1792 4845 differrent,
1858 4761 2127 4856 praeter
2177 4777 2396 4832 unum
2443 4755 2889 4834 Loueomuu
2910 4815 2930 4845 ,
2980 4755 3103 4855 qui
3154 4755 3441 4856 quidem
3463 4815 3483 4845 ,
3533 4763 3615 4830 ut

590 4878 678 4955 ad
715 4879 1154 4956 Crenaounu
1197 4902 1272 4954 se
1323 4876 1814 4967 conformaret,
1862 4899 1987 4975 per
2027 4874 2338 4976 quinque
2374 4900 2595 4954 annos
2642 4900 2781 4953 non
2826 4875 3046 4953 alium
3087 4875 3343 4954 librum
3386 4876 3611 4953 ullum

2896 4999 2990 5072 29
3006 4996 3047 5042 *⁸*
