4934 6184
1293 537 1334 601 8
2378 545 2444 614 S.
2532 547 3257 616 VISSERING

1285 745 1574 844 negotia
1591 803 1614 835 ,
1675 745 1908 824 studia
1925 804 1946 837 ,
2014 770 2406 826 sermonem
2463 753 2913 832 observamus
2936 812 2958 844 ,
3018 761 3091 828 et
3104 813 3125 842 ,
3186 750 3613 828 observando
3627 810 3647 840 ,
3695 751 4086 850 paullulum
4136 751 4339 826 addi-

1289 864 1576 940 scimus,
1677 867 1940 942 Tamen
1958 923 1980 956 ,
2044 868 2108 942 81
2171 869 2266 944 811
2325 872 2612 948 Gallum
2674 875 2935 950 Gallice
2952 933 2974 965 ,
3038 873 3133 949 ad
3184 872 3498 972 Anglum
3545 869 3839 969 Anglice
3888 869 4343 946 scribendum

1287 991 1398 1060 est
1415 1044 1438 1075 ,
1510 986 1866 1062 suboritur
1913 987 2246 1064 scribenti
2293 1016 2498 1091 saepe
2546 993 2843 1068 dubium
2863 1052 2885 1084 ,
2936 993 3191 1070 satisne
3240 998 3425 1066 recte
3443 1047 3465 1080 ,
3514 989 3826 1088 apposite
3862 997 3939 1064 ,81
3984 989 4347 1089 eleganter

1290 1103 1570 1181 scribat.
1639 1151 1740 1166 —--
1803 1104 2078 1184 Quodsi
2121 1107 2379 1184 diserte
2429 1118 2809 1210 ornateque
2843 1136 3075 1187 coram
3116 1110 3365 1186 iisdem
3405 1107 3867 1209 perorandum
3912 1117 4137 1197 esset,
4186 1132 4340 1183 mo-

1287 1221 1528 1298 lestior
1584 1225 1794 1300 etiam
1847 1250 1960 1300 res
2022 1225 2218 1302 foret.
2323 1229 2521 1306 Quid
2577 1232 2867 1304 autem?
2944 1230 3450 1304 Audacioresne
3514 1236 3793 1302 utemur
3852 1227 4341 1302 Romanorum

1289 1343 1534 1442 lingua
1551 1403 1572 1432 ,
1652 1345 1913 1444 quippe
1979 1343 2072 1420 ad
2151 1372 2368 1446 quam
2446 1349 2890 1424 ediscendam
2966 1350 3101 1424 ista
3168 1347 3511 1448 praesidia
3578 1347 3882 1451 desunt?
3950 1389 4052 1406 -
4112 1347 4341 1422 Haud

1290 1487 1539 1538 censeo
1559 1521 1580 1552 ‚
1629 1465 1718 1540 A.
1766 1466 1858 1539 A.

1386 1582 1500 1655 De
1567 1583 1783 1659 altera
1800 1642 1820 1672 ,
1883 1607 2096 1683 quam
2153 1585 2298 1659 dixi
2319 1643 2342 1674 ,
2401 1586 2719 1661 molestia
2772 1587 2973 1685 queri
3024 1585 3246 1660 solent
3292 1583 3434 1658 fere
3486 1607 3724 1658 omnes
3783 1584 3907 1683 qui
3958 1609 4046 1660 em
4106 1587 4339 1683 ‹ffct’o

1290 1700 1589 1776 scribere
1641 1703 1753 1776 vel
1811 1702 2038 1778 dicere
2097 1704 2464 1779 ordiuntur
2478 1737 2498 1793 3
2569 1704 2687 1779 alii
2748 1705 3038 1804 penuria
3098 1702 3484 1778 laborantes
3505 1760 3526 1793 ,
3594 1703 3709 1777 alii
3757 1704 4117 1791 ubertate3
4184 1703 4289 1778 1111
4310 1762 4332 1793 ,

1290 1828 1529 1919 aptam
1587 1846 1662 1896 se
1725 1822 1991 1896 nullam
2045 1822 2352 1897 invenire
2419 1849 2623 1922 posse
2678 1825 3077 1913 materiem,
3140 1823 3215 1898 hi
3263 1822 3525 1897 nescire
3573 1847 3721 1896 sese
3770 1848 3984 1922 quam
4030 1823 4337 1921 eligant,

1289 1939 1787 2037 praedicantes.
1906 1942 2106 2019 Quos
2147 1942 2481 2017 nimirum
2522 1951 2808 2017 cunctos
2856 1941 3362 2017 consentientes
3409 1939 3678 2017 habebo
3696 2001 3717 2032 ,
3767 1943 3827 2016 si
3875 1943 4296 2018 contendero
4312 2002 4337 2033 ,

1292 2067 1682 2158 aryumento
1738 2084 2016 2159 quoque
2057 2060 2334 2136 dicendi
2379 2062 2645 2162 negotii
2698 2063 2871 2161 quid
2915 2063 3163 2136 inesse.
3218 2043 3316 2122 ζ-
3366 2062 3568 2139 Quae
3612 2067 3848 2136 autem
3889 2061 4103 2150 mihi,
4155 2062 4339 2138 118118

1294 2177 1703 2253 Orationem
1747 2179 2154 2270 meditanti,
2204 2181 2508 2256 maxime
2562 2181 2962 2256 occurrebat
3008 2178 3351 2255 dubitatio
3407 2179 3575 2255 haec
3622 2187 3788 2256 erat.
3888 2181 4113 2257 Haud
4159 2181 4339 2258 adeo

1291 2296 1670 2372 molestum
1726 2299 2047 2373 existimo
2064 2357 2087 2388 ,
2145 2307 2643 2398 argumentum
2697 2301 3179 2400 qualecunque
3230 2324 3269 2373 e
3316 2299 3736 2398 quotidianis
3784 2302 4035 2376 studiis
4084 2303 4337 2402 depro-

1295 2441 1506 2493 mere.
1608 2418 1720 2492 Sic
1787 2419 1973 2492 enim
2048 2443 2109 2495 8.
2162 2445 2232 2519 g.
2301 2444 2744 2519 nequaquam
2807 2420 3111 2494 alienum
3157 2419 3248 2494 ab
3301 2419 3649 2495 hodiernis
3692 2420 4337 2520 opportunitatibus

1223 2598 1230 2603 .
1296 2534 1476 2609 foret
1495 2538 1585 2628 ¹),
1622 2537 1698 2610 in
1731 2538 2137 2613 memoriam
2167 2562 2514 2627 revocare,
2548 2539 2806 2639 quibus
2836 2538 3000 2614 belli
3032 2538 3359 2638 pacisque
3382 2539 3649 2614 artibus
3679 2539 3950 2614 88881118
3982 2541 4339 2638 superiore

1294 2655 1524 2730 omnis
1571 2657 2046 2732 Chersonesus
2095 2658 2385 2733 Taurica
2427 2684 2470 2733 a
2516 2659 2767 2733 Russis
2806 2658 3094 2733 subacta
3136 2658 3263 2747 sit,
3326 2683 3548 2757 quave
3598 2658 3917 2756 superbia
3968 2659 4111 2734 iam
4156 2665 4335 2736 tunc

1295 2775 1692 2850 Formam<
1721 2777 2163 2852 Taurinensis
2193 2778 2683 2853 Carnannun
2723 2777 2803 2852 II
2847 2779 3029 2854 viam
3073 2779 3168 2852 ad
3207 2777 3851 2876 Constantinopolin
3894 2777 4217 2852 stravisse
4260 2803 4337 2853 se

1294 2895 1626 2993 gloriatus
1667 2895 1757 2969 sit
1777 2898 1869 2988 ⁸).
1913 2941 2010 2957 -
2043 2896 2166 2970 Sin
2215 2921 2376 2971 vero
2407 2897 2764 2972 videamur
2803 2897 3261 2972 inconsultius
3300 2922 3411 2972 res
3450 2897 3761 2996 politicas
3815 2903 4083 2968 tentare
4102 2954 4123 2985 ,
4176 2897 4334 2996 qui-

1295 3012 1434 3087 bus
1508 3013 1766 3087 scilicet
1831 3037 2103 3088 summa
2166 3039 2298 3115 ope
2357 3015 2723 3091 nitendum
2788 3017 2879 3090 sit
2936 3024 3018 3091 ut
3079 3024 3359 3092 neutras
3417 3022 3645 3115 partes
3715 3037 4090 3110 sequamur
4110 3073 4131 3102 ,
4192 3017 4336 3092 alio

1295 3132 1529 3208 oculos
1587 3133 2144 3208 convertentibus
2207 3133 2440 3208 minus
2488 3159 2741 3235 anceps
2789 3143 3280 3236 argumentum
3336 3161 3424 3209 ex
3479 3131 3933 3207 oeconomiae
3996 3133 4335 3212 Politicae

1296 3251 1657 3352 disciplina
1695 3253 1870 3328 forte
1906 3261 2237 3330 occurrat.
2307 3255 2450 3328 Res
2492 3254 2680 3328 enim
2709 3256 3297 3330 animadversione
3331 3253 3775 3352 dignissima,
3820 3276 4033 3350 quam
4066 3252 4331 3330 saluta·

1293 3396 1444 3447 rem
1491 3371 1658 3446 haec
1709 3373 1848 3447 iam
1901 3373 2039 3447 vim
2088 3383 2157 3448 et
2195 3381 2607 3474 potestatem
2646 3377 3023 3451 exercuerit
3070 3377 3144 3450 in
3198 3375 3310 3449 ius
3356 3371 3521 3445 belli
3568 3396 3647 3444 ac
3674 3370 3863 3466 pacis
3908 3370 4333 3450 hodiernum

1297 3491 1850 3580 emendandum,
1913 3499 2336 3593 quantopere
2395 3493 2565 3569 haec
2608 3501 2851 3594 gentes
2901 3521 2941 3568 v
2945 3519 3060 3571 era
3116 3520 3243 3569 sua
3289 3489 3651 3566 commoda
3700 3488 4049 3578 docuerit,
4099 3491 4332 3591 iisque

1296 3612 1746 3710 persuadeat,
1809 3612 1884 3686 in
1940 3638 2110 3712 pace
2173 3613 2348 3688 nihil
2394 3614 2611 3688 satius
2658 3639 2809 3689 esse
2858 3640 3072 3713 quam
3119 3614 3332 3688 libere
3376 3609 3555 3682 inter
3598 3631 3671 3681 se
3713 3611 4198 3700 commercari,
4248 3613 4326 3688 in

1299 3731 1481 3805 bello
1514 3741 1794 3822 autem,
1829 3757 2104 3832 parcere
2148 3733 2393 3808 mediis
2441 3740 2516 3808 et
2556 3733 2905 3809 abstinere
2954 3735 3239 3833 piratica
3258 3733 3347 3822 ³).
3400 3773 3501 3788 -
3538 3722 3733 3804 Quin
3776 3728 3985 3802 etiam
4032 3728 4121 3803 de
4168 3732 4328 3808 Sta-

1293 3850 1521 3925 tistica
1562 3851 1736 3926 adeo
1780 3852 2128 3952 eleganter
2173 3853 2513 3953 disputari
2557 3854 2882 3951 potuerit.
2986 3849 3519 3948 Quinquaginta
3566 3845 3781 3918 ferme
3826 3846 4080 3922 abhinc
4121 3853 4331 3928 annis

1299 3970 1404 4044 Cl.
1479 3972 1894 4045 Antecessor
1957 3971 2378 4048 Hnnmuws
2443 3974 2766 4048 'I'onmus
2840 3998 2929 4046 ex
3000 3971 3129 4044 hoc
3209 3969 3361 4064 ipso
3434 3971 3771 4061 suggestu
3838 3964 4047 4038 verba
4117 3967 4325 4046 fecit:

1293 4089 1544 4187 define
1583 4091 1971 4166 Statistices
2013 4119 2189 4192 quae
2230 4101 2505 4168 vocatur
2551 4095 2918 4167 hodiernae
2940 4092 3001 4182 ⁴)
3028 4123 3060 4173 ;
3109 4086 3311 4160 hodie
3348 4089 3616 4168 autem,
3666 4082 3995 4179 quoniam
4031 4087 4327 4168 mirifice

1293 4231 1381 4282 ex
1464 4232 1548 4282 eo
1623 4215 1930 4308 tempore
2000 4213 2298 4286 excrevit
2371 4238 2484 4287 ars
2551 4213 2903 4288 Stetistica
2920 4268 2940 4298 ,
3012 4231 3149 4280 non
3227 4203 3535 4278 ornatius
3601 4201 3885 4298 quidem
3909 4263 3930 4292 ,
4006 4215 4323 4282 attamen

1288 4327 1634 4427 copiosius
1693 4331 1778 4404 de
1797 4334 1952 4427 fine
1995 4327 2382 4409 Statistices
2429 4333 2656 4408 dicere
2702 4329 3069 4430 possimus.
3118 4365 3217 4380 -
3268 4320 3440 4407 Sed,
3496 4345 3585 4392 ne
3624 4345 3741 4394 vos
3785 4322 3987 4420 plura
4030 4349 4321 4401 enume-

1286 4447 1504 4522 rando
1566 4439 1830 4538 morer‘,
1895 4449 2176 4526 subibat
2221 4451 2392 4525 mihi
2413 4510 2434 4542 ,
2498 4452 2666 4528 haec
2720 4457 2791 4523 et
2846 4447 2980 4521 alia
3046 4441 3269 4517 multa
3328 4438 3824 4530 consideranti,
3886 4442 4132 4540 religio
4149 4501 4172 4532 ,
4226 4469 4323 4522 ne

1284 4566 1461 4641 forte
1519 4575 1742 4643 vestra
1795 4571 2129 4669 patientia
2191 4570 2531 4646 abuterer.
2634 4569 2795 4644 Non
2862 4562 3218 4664 placebat,
3284 4559 3412 4634 hoc
3454 4559 3631 4634 festo
3678 4561 3793 4634 die
3810 4617 3831 4648 ,
3880 4584 4023 4658 quo
4068 4586 4319 4641 omnes

1279 4711 1325 4762 a
1387 4685 1738 4764 laboribus
1798 4713 2122 4766 vacamus
2138 4749 2160 4782 ‚
2229 4692 2305 4765 in
2370 4692 2559 4767 hane·
2615 4687 2815 4789 quasi
2876 4687 3164 4761 alteram
3226 4679 3621 4756 cathedram
3688 4679 4105 4758 adscendere
4127 4741 4149 4774 ,
4232 4694 4317 4762 ut
