4934 6184
1749 662 2316 732 ORATIO:
3460 665 3543 730 55

507 882 776 961 tentur,
849 898 1012 950 cum
1079 871 1386 950 Ecclesia
1450 874 1936 950 commercium
1999 874 2439 952 habentibus,
2552 873 2757 947 Unde
2813 872 2932 959 fit,
2996 878 3075 944 ut
3122 871 3504 946 seminariis
3523 931 3543 960 ‚

507 1019 686 1092 quae
753 1001 1084 1070 vocantur
1100 1051 1120 1081 ,
1186 993 1923 1094 homiletico-practicis
1985 995 2150 1070 huic
2214 995 2396 1070 malo
2470 995 2813 1070 medelam
2876 991 3115 1066 afferre
3169 1000 3504 1066 conentur
3524 1052 3542 1080 ‚

511 1122 854 1214 quotquot
921 1113 1266 1190 Ecclesiae
1326 1115 1718 1190 consulunt.
1819 1115 2037 1214 Apud
2099 1140 2226 1190 nos
2291 1139 2448 1190 vero
2512 1115 2743 1214 longe·
2785 1114 2920 1188 alia
2967 1137 3076 1186 res
3124 1120 3268 1201 est,
3318 1136 3545 1210 neque

507 1235 848 1310 eiusmodi
889 1258 1306 1334 magnopere
1351 1233 1824 1310 desideramus
1877 1235 2262 1310 seminaria.
2364 1235 2485 1310 Ad
2527 1234 2969 1333 Theologiam
3024 1234 3211 1306 enim
3252 1233 3324 1306 in
3364 1236 3543 1307 Aca·

508 1354 738 1430 demia
776 1355 1164 1432 docendam
1207 1353 1319 1429 hic
1337 1343 1368 1442 ,”
1409 1355 1614 1454 vulgo
1663 1355 2043 1443 duntaxat,
2093 1355 2145 1428 ii
2191 1363 2468 1430 tantum
2512 1361 2843 1429 vocantur
2862 1410 2883 1440 ‚
2935 1353 3056 1450 qui
3102 1377 3223 1452 per
3264 1351 3546 1451 aliquod

508 1473 686 1548 vitae
757 1483 1059 1575 tempus*
1096 1474 1410 1574 pluresve
1460 1474 1632 1549 adeo
1689 1499 1905 1549 annos
1955 1474 2259 1548 muneris
2309 1475 2499 1549 Sacri
2542 1473 2865 1548 obierunt
2916 1472 3137 1545 officia
3178 1479 3251 1546 et
3302 1472 3545 1570 praxin

508 1595 644 1692 ipsi
685 1603 1140 1670 exercuerunt
1182 1593 1753 1669 Ecclesiasticam.
1856 1595 2009 1667 Iam
2051 1593 2140 1668 ab
2185 1593 2295 1668 his
2337 1594 2488 1666 iure
2530 1592 2833 1691 quodam
2862 1591 3243 1690 exspectari
3272 1599 3502 1690 potest
3524 1651 3541 1677 ‚

507 1713 854 1788 Ecclesiae
901 1715 986 1788 iis
1031 1739 1243 1812 quam
1289 1713 1586 1788 maxime
1636 1713 1932 1788 salutem
1987 1737 2189 1788 curae
2238 1713 2567 1810 cordique
2620 1735 2769 1786 esse
2810 1735 3066 1809 eosque
3116 1711 3291 1784 nihil
3322 1712 3543 1809 magis

508 1833 821 1908 docendo
887 1857 1212 1930 quaerere
1235 1890 1255 1921 ‚
1326 1857 1540 1932 quam
1595 1839 1673 1907 ut
1722 1832 1796 1905 in
1847 1831 2190 1907 Ecclesiae
2243 1856 2452 1907 usum
2510 1830 2918 1906 erudiantur
2976 1840 3047 1904 et
3099 1838 3546 1905 exerceantur

505 1951 726 2026 futuri
795 1953 1158 2026 Sacrorum
1228 1953 1594 2027 antistites,
1719 1951 1942 2026 Cuius
2023 1952 2414 2050 gravissimi
2492 1951 2941 2049 eiusdemque
3014 1950 3546 2025 fructuosissimi

504 2070 708 2146 officii
747 2071 1143 2170 praestandi
1179 2073 1279 2146 ita
1321 2072 1456 2146 sibi
1489 2080 1634 2146 erat
1673 2070 1990 2146 conscius
2026 2071 2662 2170 praestantissimus
2702 2079 2933 2143 noster
2967 2071 3503 2144 NmaMssYnaus
3523 2129 3541 2157 ,

507 2213 714 2289 quem
766 2213 989 2264 unum
1041 2213 1080 2264 e
1130 2190 1423 2264 mortuis
1469 2188 1770 2288 exempli
1817 2189 2040 2288 gratia
2087 2189 2482 2264 nominasse
2530 2189 2863 2279 sufficiat,
2918 2197 2999 2262 ut
3044 2189 3173 2263 hoc
3222 2190 3295 2262 in
3344 2190 3539 2262 insti·

506 2308 770 2383 tutione
814 2333 940 2388 sua
981 2331 1342 2408 nunquam
1389 2308 1740 2408 negligere
1785 2309 1920 2383 sibi
1953 2310 2240 2424 firmiter
2289 2310 2523 2384 animo
2567 2333 2705 2384 non
2748 2310 3181 2408 proposuerit
3222 2317 3499 2384 tantum
3522 2351 3546 2397 ,-

505 2428 626 2502 sed
697 2423 770 2518 et
823 2428 964 2504 fide
1022 2429 1428 2529 interposita
1473 2453 1702 2504 coram
1749 2429 1940 2503 vobis
1961 2488 1980 2518 ‚
2050 2429 2180 2506 hoc
2231 2431 2382 2528 ipso
2427 2456 2468 2505 e
2511 2430 2658 2504 loco
2678 2488 2697 2518 ‚
2752 2429 3199 2528 spoponderit
3242 2429 3538 2528 publice.

503 2547 724 2622 Cuius
765 2574 934 2648 eg0,
983 2574 1108 2648 pro
1152 2549 1492 2624 tenuitate
1533 2561 1689 2624 mea
1710 2607 1730 2637 ‚
1783 2549 2110 2624 insistens
2157 2550 2466 2649 vestigiis
2490 2608 2510 2639 ‚
2559 2549 2736 2625 nihil
2776 2549 2985 2642 etiam
3028 2549 3221 2649 prius
3271 2548 3542 2624 habebo
3686 2587 3705 2604 ·

500 2677 624 2742 aut
702 2669 1100 2768 antiquius,
1179 2695 1393 2769 quam
1463 2695 1546 2745 eo
1613 2668 1826 2757 eniti,
1897 2679 1980 2744 ut
2055 2695 2192 2746 non
2267 2678 2545 2746 tantum
2612 2670 2907 2758 eruditi,
2976 2670 3100 2744 sed
3158 2678 3229 2744 et
3287 2670 3543 2744 exculti

501 2788 960 2887 Cnms'nque
1009 2815 1237 2864 amore
1288 2790 1568 2888 penitus
1618 2788 1876 2862 imbuti
1927 2796 2138 2887 atque
2179 2789 2358 2864 bene
2401 2789 2755 2864 exercitati
2806 2815 2843 2863 e
2902 2790 3131 2864 schola
3183 2814 3341 2862 mea
3387 2814 3541 2887 pro-

503 2906 719 2984 deant
759 2908 1106 2984 Ecclesiae
1156 2909 1488 2984 doctores.
1589 2909 1742 2999 Qua
1781 2909 1856 2982 in
1905 2933 1979 2982 re
2026 2908 2216 2984 haud
2259 2907 2460 2983 facile
2504 2933 2709 2982 omne
2757 2933 2871 2984 me
2915 2909 3157 2983 tulisse
3203 2918 3544 3007 punctum

502 3025 1061 3101 existimaverim.
1161 3029 1486 3126 Namque
1555 3052 1670 3115 ea,
1739 3027 1816 3100 ni
1881 3027 2077 3102 fallor
2094 3085 2115 3115 ‚
2189 3027 2484 3102 vivimus
2532 3035 2877 3128 tempora,
2904 3025 2915 3036 ’
2939 3028 3197 3127 quibus
3243 3029 3545 3126 practica
3640 3119 3675 3136 f

501 3144 670 3220 haec
712 3144 1175 3219 institutionis
1215 3145 1672 3222 Academicae
1718 3170 1878 3244 pars
1913 3146 2103 3222 omni
2145 3147 2352 3222 modo
2391 3147 2765 3222 excolenda
2805 3149 2895 3220 sit
2930 3156 3002 3221 et
3042 3148 3541 3247 promovenda,

502 3273 582 3337 ut
639 3288 728 3337 ne
769 3264 1043 3338 muneri
1089 3264 1240 3339 suo*
1261 3265 1666 3364 gravissimo
1710 3290 1990 3364 prorsus
2031 3265 2254 3364 impar
2296 3267 2429 3355 sit,
2480 3267 2877 3365 quicunque
2898 3325 2919 3355 ‚
2971 3267 3263 3366 peractis
3294 3269 3544 3342 studiis

504 3383 934 3483 Theologicis
952 3441 972 3472 ‚
1043 3385 1135 3462 ad
1200 3385 1442 3485 populi
1519 3385 1889 3460 Christiani
1961 3387 2323 3461 commoda
2397 3385 2705 3462 curanda
2780 3395 3075 3462 vocetur.
3176 3387 3271 3460 Et
3333 3387 3543 3462 talem

503 3503 782 3579 omnino
802 3562 821 3592 ‚
889 3504 1079 3602 quod
1121 3505 1516 3604 gaudemus
1538 3564 1558 3593 ,
1627 3506 2029 3605 suppeditat
2075 3505 2495 3581 Academica
2542 3506 2888 3580 institutio
2933 3507 3183 3582 virium
3224 3531 3539 3582 exercen-

507 3623 750 3698 darum
811 3615 1210 3698 facultatem
1270 3623 1724 3723 multiplicem
1748 3682 1768 3714 ,
1846 3623 2320 3700 catechesibus
2364 3650 2428 3701 ν.
2474 3651 2533 3700 c.
2586 3627 3067 3716 instituendis,
3117 3627 3541 3701 orationibus

507 3745 729 3818 Sacris
767 3743 1211 3820 conficiendis
1253 3743 1730 3843 habendisque
1749 3803 1770 3832 ,
1820 3745 2432 3852 disputatiunculis
2474 3748 2987 3822 conscribendis
3028 3748 3317 3844 aliisque
3360 3748 3539 3821 eius·

503 3863 693 3940 modi
737 3864 1056 3963 pluribus
1082 3923 1102 3952 ‚
1157 3862 1325 3964 quin
1373 3864 1827 3940 familiaribus
1871 3866 2082 3942 etiam
2129 3865 2491 3940 doctorum
2536 3890 2698 3941 cum
2749 3865 3107 3963 discipulis
3154 3865 3541 3963 horumque

507 3985 694 4074 inter,
761 4010 836 4060 se
857 4043 878 4074 ‚
945 3984 1344 4061 moderante
1413 3985 1686 4060 doctore
1702 4044 1722 4075 ‚
1784 3985 2142 4085 colloquiis
2195 3993 2266 4060 et
2317 3984 2819 4060 consuetudine
2880 3983 3053 4058 adeo
3098 3983 3502 4082 quotidiana
3517 4045 3537 4074 ‚

510 4111 627 4192 ut,
699 4105 761 4180 si
828 4104 936 4180 his
1003 4104 1329 4180 omnibus
1394 4104 1572 4181 bene
1635 4112 1956 4193 utantur,
2027 4105 2252 4204 magis
2317 4105 2683 4205 magisque
2743 4105 3097 4180 informari
3151 4105 3419 4205 possint
3460 4132 3538 4181 ac
3580 4135 3595 4148 -

503 4225 718 4300 veluti
765 4225 964 4325 praxi
1011 4225 1312 4323 quadam
1359 4225 1632 4324 praevia
1681 4225 1981 4302 exerceri
2029 4225 2325 4300 studiosi
2372 4226 2677 4301 iuvenes.

601 4343 746 4420 Hic
767 4403 790 4434 ‚
838 4369 1049 4422 cursu
1083 4352 1356 4444 peracto
1374 4403 1394 4434 ‚
1443 4345 1696 4445 pedem
1733 4348 1944 4446 figere
1982 4354 2054 4420 et
2072 4405 2092 4436 ‚
2145 4371 2353 4448 causa
2383 4354 2699 4446 perorata
2716 4403 2737 4436 ,
2778 4346 3071 4422 orationi
3100 4370 3293 4421 meae
3326 4347 3539 4419 finem

507 4465 859 4572 imponere
921 4489 1194 4568 possem
1213 4523 1234 4553 ‚
1296 4465 1710 4542 Auditores!
1777 4467 1912 4543 nisi
1955 4491 2178 4543 unum
2227 4467 2456 4543 adhuc
2510 4467 2888 4542 dicendum
2943 4473 3228 4540 restaret
3280 4464 3493 4560 idque
3515 4523 3535 4552 ‚

505 4609 662 4660 mea
712 4585 999 4684 quidem
1037 4585 1356 4686 opinione
1376 4645 1396 4676 ‚
1443 4587 1952 4687 gravissimum.
2052 4587 2511 4686 Aptissimam
2545 4586 2979 4661 laudavimus
3028 4581 3537 4658 institutionem

505 4705 994 4784 Academicam
1016 4765 1036 4796 ,
1102 4715 1444 4805 quatenus
1493 4708 1860 4807 praecipue
1907 4706 2316 4784 lectionibus
2367 4705 2705 4780 habendis
2753 4699 3414 4802 frequentandisque
3464 4713 3537 4776 et

507 4827 909 4932 quotidiano
973 4827 1332 4906 doctorum
1389 4854 1526 4918 usu
1573 4835 1863 4912 constat.
1963 4827 2058 4904 Et
2105 4833 2290 4907 certe
2334 4825 2758 4926 quibusnam
2808 4829 3094 4900 utantur
3139 4808 3534 4900 doctoribus
