4934 6184
1860 713 2419 783 ORATIO.
3531 715 3660 782 251

622 927 789 1001 haec
858 923 1013 1024 ipsa
1074 929 1313 999 nostra
1380 919 1649 998 exstitit
1728 918 2114 1021 disciplina.
2234 918 2512 1000 Quodsi
2589 944 2632 997 a
2701 918 2852 996 iure
2919 919 3308 996 doctrinam
3354 921 3666 998 exsulare

622 1043 821 1134 velis,
870 1067 1103 1120 nonne
1152 1042 1389 1141 ipsum
1433 1041 1575 1116 fere
1624 1039 1737 1116 ius
1788 1065 1829 1114 e
1879 1041 2423 1140 iurisprudentia
2470 1040 2787 1116 tollitur?

762 1164 945 1240 Sane
1018 1161 1213 1238 haud
1276 1161 1625 1236 immerito
1692 1167 2007 1238 auctores
2072 1161 2175 1236 illi
2242 1161 2379 1235 sibi
2446 1164 2587 1236 nori
2649 1158 3038 1236 constitisse
3102 1158 3430 1235 dicuntur
3501 1162 3626 1259 qui
3649 1221 3670 1252 ,

615 1307 839 1384 quum
907 1305 1051 1359 non
1116 1305 1295 1358 nova
1354 1280 1679 1356 instituta
1746 1305 1897 1356 sese
1948 1283 2245 1358 condere
2258 1339 2279 1370 ,
2333 1305 2576 1356 verum
2643 1281 2948 1380 vigentia
3007 1287 3282 1356 tantum
3331 1281 3667 1380 refingere

617 1427 783 1504 prae
836 1428 911 1480 se
958 1403 1279 1490 tulerint,
1326 1401 1552 1502 ipsam
1604 1407 1841 1478 tamen
1888 1401 2115 1476 lucem
2161 1400 2617 1476 exstinxerint
2655 1402 2843 1475 unde
2895 1399 3066 1476 haec
3135 1400 3370 1476 lumen
3431 1423 3666 1476 neces-

620 1523 879 1598 sarium
928 1521 1203 1597 haurire
1251 1520 1359 1595 vel
1401 1519 1939 1596 fundamentum
1986 1522 2451 1598 destruxerint
2503 1520 2760 1620 quibus
2807 1519 3016 1595 inniti
3061 1520 3414 1596 deberent.
3507 1519 3666 1596 Hoc

616 1643 899 1742 quidem
952 1643 1119 1717 satis
1166 1641 1347 1718 clare
1398 1649 1720 1741 apparet,
1770 1643 1897 1718 ubi
1948 1643 2165 1718 semel
2208 1641 2379 1717 iuris
2433 1639 2800 1740 disciplina
2841 1639 2933 1715 sit
2971 1647 3136 1716 nata
3152 1697 3172 1729 ‚
3214 1641 3393 1716 hanc
3431 1639 3670 1716 tollere

614 1763 923 1838 codicem
968 1763 1206 1862 legum
1255 1786 1397 1838 non
1441 1787 1645 1862 posse
1658 1821 1679 1852 ,
1729 1763 1991 1863 quippe
2040 1763 2165 1863 qui
2216 1786 2343 1838 sua
2390 1769 2640 1836 natura
2685 1782 2826 1834 non
2872 1759 3010 1835 nisi
3050 1785 3228 1836 nova
3271 1759 3492 1859 possit
3519 1785 3668 1836 esse

618 1882 841 1958 forma
854 1940 875 1972 ,
910 1906 1051 1982 qua
1088 1882 1203 1957 ius
1244 1883 1317 1956 in
1359 1882 1575 1958 vitam
1610 1883 1919 1982 prodeat.

709 2002 809 2077 At
828 2061 849 2092 ,
886 2027 1117 2078 nonne
1159 2001 1405 2078 saltem
1454 2003 1697 2103 lingua
1730 2003 1955 2102 patria
1976 2060 1996 2092 ‚
2036 2025 2177 2102 qua
2217 2025 2439 2077 novus
2481 2001 2700 2078 codex
2733 1999 3270 2077 conscribendus
3311 2005 3496 2088 erat,
3539 1999 3668 2075 hoc

614 2123 909 2198 efficeret
946 2129 1029 2196 ut
1066 2122 1377 2198 doctrina
1424 2129 1581 2197 tuto
1620 2133 1853 2222 posset
1902 2123 2266 2197 exsulare?
2332 2122 2658 2196 Vidimus
2701 2120 2880 2194 hanc
2921 2119 3136 2193 fuisse
3179 2119 3500 2194 codicum
3546 2145 3664 2220 pa-

613 2248 967 2317 tronorum
1018 2242 1414 2343 opinionem
1466 2243 1921 2318 statuentium
1972 2241 2232 2342 quippe
2284 2241 2523 2341 legum
2571 2241 2812 2341 lingua
2849 2241 3071 2340 patria
3122 2242 3666 2340 conscriptarum

610 2362 864 2461 cuique
902 2370 1139 2460 patere
1182 2363 1543 2437 scientiam
1587 2386 1969 2460 omnesque
2012 2363 2197 2436 cives
2237 2362 2323 2435 de
2366 2364 2512 2435 suis
2557 2361 2745 2458 ipsos
2785 2362 3026 2437 litibus
3065 2363 3362 2461 optimos
3404 2362 3668 2438 iudices

612 2481 963 2556 constitui.
1064 2481 1229 2554 Non
1274 2479 1601 2578 equidem
1656 2479 1717 2554 is
1776 2503 1935 2554 sum
1978 2480 2103 2577 qui
2142 2480 2217 2554 in
2264 2480 2382 2555 illa
2424 2480 2750 2578 opinione
2797 2481 2900 2554 nil
2939 2482 3130 2580 quod
3173 2483 3464 2556 laudatu
3513 2482 3666 2580 dig·

614 2623 787 2676 num
828 2599 960 2689 sit,
1003 2597 1111 2673 vel
1159 2600 1349 2697 quod
1390 2599 1903 2674 excusationem
1946 2599 2193 2674 saltem
2236 2599 2522 2689 babeat,
2558 2599 2920 2699 reperiam.
3001 2601 3102 2673 At
3143 2601 3250 2673 vel
3293 2600 3392 2674 sic
3433 2609 3666 2674 tamen

612 2720 687 2798 in
733 2719 1140 2819 gravissimo
1184 2720 1635 2796 versabantur
1668 2743 1893 2794 errore
1938 2718 2257 2794 codicum
2293 2719 2600 2818 patroni,
2639 2719 2839 2819 quasi
2881 2720 3028 2795 sola
3061 2718 3425 2793 verborum
3463 2720 3664 2796 intel-

612 2839 901 2940 ligentia
934 2840 1297 2916 notionum
1336 2840 1549 2916 etiam
1584 2847 1655 2915 et
1687 2840 2088 2939 regularum
2122 2847 2416 2939 pareret.
2485 2839 2910 2915 Luculenter
2941 2839 3038 2914 sic
3074 2838 3304 2914 denuo
3335 2839 3668 2940 probatur

612 2961 1000 3062 neglectam
1040 2960 1391 3036 doctrinae
1433 2961 1912 3037 auctoritatem
1960 2984 2241 3035 causam
2284 2959 2500 3035 fuisse
2543 2985 2668 3035 cur
2712 2959 2882 3034 iuris
2925 2985 3202 3059 quoque
3239 2963 3662 3060 dssmplinam

612 3107 763 3158 esse
806 3083 1403 3172 obliviscerentur,
1440 3082 1641 3158 cuius
1682 3087 1953 3169 tamen,
1997 3080 2103 3154 uti
2142 3080 2455 3155 omnium
2485 3089 2912 3156 caeterarum
2941 3080 3462 3180 disciplinarum
3490 3103 3662 3156 non-

610 3201 749 3276 nisi
792 3201 1026 3276 studio
1076 3227 1157 3276 ac
1202 3201 1433 3278 labore
1482 3208 1919 3302 comparatur
1964 3201 2286 3277 scientia!
2368 3203 2811 3300 Quapropter
2827 3258 2848 3290 ,
2899 3201 2962 3276 si
2998 3201 3109 3276 vel
3157 3200 3664 3300 simplicissima

612 3328 684 3396 et
702 3379 723 3410 ,
760 3347 899 3420 qua
936 3322 1085 3396 fieri
1122 3322 1383 3422 possit,
1422 3320 1847 3399 lucidissima
1880 3324 2145 3398 ratione
2184 3323 2455 3398 codices
2495 3322 2732 3421 legum
2770 3321 3064 3398 confecti
3101 3322 3273 3411 sint,
3313 3345 3520 3396 nemo
3559 3327 3660 3395 ta-

609 3465 772 3516 men
810 3441 941 3514 erit
980 3442 1105 3539 qui
1140 3463 1381 3517 eorum
1421 3442 1675 3542 placita
1710 3442 1925 3543 probe
1969 3443 2355 3542 intelligat,
2390 3443 2531 3516 nisi
2563 3445 2742 3518 iuris
2778 3441 2989 3516 etiam
3029 3441 3120 3516 sit
3158 3443 3444 3540 peritus.
3517 3441 3661 3514 Ita-

611 3587 749 3663 que
794 3562 907 3636 vel
948 3561 1151 3636 hodie
1191 3563 1617 3661 praeclarum
1653 3563 1828 3638 illud
1860 3565 2267 3639 Crcnnoms
2320 3563 2542 3638 valeat
2585 3562 2904 3638 effatum:
2989 3593 3024 3632 ιι
3049 3562 3194 3642 Qui
3237 3562 3476 3662 peritis
3519 3585 3660 3637 non

610 3689 813 3780 putat
842 3703 993 3754 esse
1018 3680 1639 3780 obtemperandum
1666 3684 1729 3755 is
1756 3683 2075 3758 homines
2102 3708 2241 3757 non
2273 3683 2520 3768 laedit,
2550 3684 2673 3755 sed
2699 3683 2886 3780 leges
2915 3707 2994 3756 ac
3029 3682 3182 3756 iura
3220 3681 3662 3755 labefactat.”

708 3799 821 3872 De
878 3795 1263 3872 miserrima
1326 3821 1507 3897 quae
1557 3820 1644 3874 ex
1686 3800 1821 3876 isto
1882 3801 2201 3876 codicum
2244 3799 2764 3875 condendorum
2819 3799 3168 3899 proposito
3213 3809 3364 3874 orta
3411 3799 3656 3873 fuisset

611 3916 1193 4018 iurisprudentiae
1227 3917 1621 4031 conditione
1652 3943 1795 3995 non
1835 3927 1943 3995 est
1988 3919 2181 4020 quod
2223 3919 2544 4018 pluribus
2588 3943 2814 4018 agam.
2890 3919 3130 3994 Unum
3167 3917 3296 3993 hoc
3341 3918 3652 3995 animad-
3755 3979 3783 3988 -

606 4037 1018 4114 vertendum
1062 4046 1396 4138 superest.
1495 4037 1747 4141 Neque
1786 4040 2037 4117 iudicis
2094 4065 2325 4140 neque
2358 4042 2996 4116 Iureconsultorum
3041 4039 3230 4116 aliud
3275 4039 3656 4116 exstitisset

608 4157 913 4235 officium
978 4159 1115 4235 nisi
1173 4161 1347 4261 legis
1407 4161 1775 4238 verborum
1834 4161 2143 4262 operaria
2202 4170 2275 4236 et
2332 4161 2534 4261 quasi
2582 4161 2982 4237 mechanica
3037 4160 3404 4261 applicatio
3461 4161 3653 4236 omni

608 4278 867 4353 scilicet
902 4275 1045 4352 fere
1084 4278 1647 4380 interpretatione
1689 4278 1817 4354 soli
1852 4279 2226 4380 legislatori
2254 4279 2505 4356 delata.
2577 4281 2765 4357 Nam
2803 4282 2994 4383 quod
3031 4307 3158 4358 suo
3187 4283 3274 4358 de
3301 4304 3650 4356 commen·

610 4397 803 4472 tariis
864 4421 907 4470 a
972 4420 1148 4471 novo
1214 4398 1449 4474 codice
1510 4397 1823 4476 arcendis
1874 4406 2243 4498 praecepto
2294 4398 2494 4474 addit
2543 4400 3056 4477 Iusrmnmus:
3113 4430 3152 4471 ιι
3173 4399 3234 4474 si
3276 4399 3450 4498 quid
3491 4422 3650 4472 vero

617 4545 655 4586 ιι
673 4515 1083 4614 ambiguum
1128 4517 1339 4592 fuerit
1377 4517 1603 4594 visum
1620 4577 1641 4608 ,
1689 4519 1821 4594 hoe
1872 4519 1963 4594 ad
2003 4515 2357 4617 imperiale
2408 4520 2686 4596 culmen
2737 4520 3074 4596 referatur
3123 4527 3194 4594 et
3242 4518 3646 4595 auctoritate

616 4663 655 4704 ιι
674 4634 983 4733 Augusti
1045 4635 1527 4713 manifestetur
1543 4695 1565 4729 ,
1634 4638 1751 4714 cui
1818 4636 1947 4714 soli
2012 4661 2414 4714 concessum
2485 4639 2673 4739 leges
2721 4649 2794 4714 et
2837 4638 3136 4715 condere
3185 4647 3259 4714 et
3309 4638 3643 4738 interpre-

616 4783 653 4826 ιι
676 4755 809 4830 tari
826 4755 873 4786 ”
916 4796 1015 4814 —
1048 4756 1179 4832 hoc
1206 4757 1495 4858 quidem
1532 4783 1577 4835 a
1612 4759 2041 4836 Fanmmco
2082 4759 2350 4859 Magno
2388 4758 2534 4834 solo
2579 4759 2834 4835 diserte
2867 4757 3402 4859 praescriptum,
3439 4760 3643 4836 Smn-

610 4899 817 4953 σεται
864 4881 1095 4954 tamen
1140 4879 1351 4956 etiam
1394 4879 1745 4981 proposito
1786 4899 1927 4952 non
1968 4884 2241 4978 poterat
2287 4899 2427 4953 non
2477 4901 2628 4954 esse
2669 4899 3120 4978 consequens.

2995 5001 3088 5074 32
3107 4997 3150 5044 ⁸*
