<?xml version="1.0" encoding="UTF-8"?>
<!DOCTYPE html PUBLIC "-//W3C//DTD XHTML 1.0 Transitional//EN"
    "http://www.w3.org/TR/xhtml1/DTD/xhtml1-transitional.dtd">
<html xmlns="http://www.w3.org/1999/xhtml" xml:lang="en" lang="en">
 <head>
  <title>
</title>
<meta http-equiv="Content-Type" content="text/html;charset=utf-8" />
  <meta name='ocr-system' content='tesseract 3.04.00' />
  <meta name='ocr-capabilities' content='ocr_page ocr_carea ocr_par ocr_line ocrx_word'/>
</head>
<body>
  <div class='ocr_page' id='page_1' title='image "annalesacademic37unkngoog_0173.png"; bbox 0 0 4934 6184; ppageno 0'>
   <div class='ocr_carea' id='block_1_1' title="bbox 1884 691 3660 764">
    <p class='ocr_par' dir='ltr' id='par_1_1' title="bbox 1884 691 3660 764">
     <span class='ocr_line' id='line_1_1' title="bbox 1884 691 3660 764; baseline 0.003 -5"><span class='ocrx_word' id='word_1_1' title='bbox 1884 691 2448 762; x_wconf 78' lang='lat' dir='ltr'><strong>ORATIO.</strong></span> <span class='ocrx_word' id='word_1_2' title='bbox 3534 695 3660 764; x_wconf 82' lang='lat'>163</span> 
     </span>
    </p>
   </div>
   <div class='ocr_carea' id='block_1_2' title="bbox 510 901 3672 2685">
    <p class='ocr_par' dir='ltr' id='par_1_2' title="bbox 510 901 3672 2685">
     <span class='ocr_line' id='line_1_2' title="bbox 614 901 3658 1006; baseline -0.001 -26"><span class='ocrx_word' id='word_1_3' title='bbox 614 903 797 980; x_wconf 87' lang='lat' dir='ltr'>libus</span> <span class='ocrx_word' id='word_1_4' title='bbox 838 902 1025 979; x_wconf 90' lang='lat' dir='ltr'>sumi</span> <span class='ocrx_word' id='word_1_5' title='bbox 1060 901 1276 992; x_wconf 86' lang='lat' dir='ltr'>solet,</span> <span class='ocrx_word' id='word_1_6' title='bbox 1314 901 1405 977; x_wconf 90' lang='lat' dir='ltr'>de</span> <span class='ocrx_word' id='word_1_7' title='bbox 1447 901 1709 1006; x_wconf 82' lang='lat' dir='ltr'>viribus</span> <span class='ocrx_word' id='word_1_8' title='bbox 1742 903 2109 1002; x_wconf 73' lang='lat' dir='ltr'>loquamur</span> <span class='ocrx_word' id='word_1_9' title='bbox 2127 961 2147 991; x_wconf 92' lang='lat'>‚</span> <span class='ocrx_word' id='word_1_10' title='bbox 2187 901 2500 1002; x_wconf 85' lang='lat' dir='ltr'>profecto</span> <span class='ocrx_word' id='word_1_11' title='bbox 2533 902 2607 976; x_wconf 93' lang='lat' dir='ltr'>in</span> <span class='ocrx_word' id='word_1_12' title='bbox 2647 923 2870 976; x_wconf 88' lang='lat' dir='ltr'>errore</span> <span class='ocrx_word' id='word_1_13' title='bbox 2903 925 3212 977; x_wconf 82' lang='lat' dir='ltr'>essemus</span> <span class='ocrx_word' id='word_1_14' title='bbox 3243 901 3300 976; x_wconf 88' lang='lat' dir='ltr'>si</span> <span class='ocrx_word' id='word_1_15' title='bbox 3327 901 3658 1002; x_wconf 80' lang='lat' dir='ltr'>cogitare-</span> 
     </span>
     <span class='ocr_line' id='line_1_3' title="bbox 614 1021 3662 1124; baseline -0.001 -24"><span class='ocrx_word' id='word_1_16' title='bbox 614 1049 773 1100; x_wconf 86' lang='lat' dir='ltr'>mus</span> <span class='ocrx_word' id='word_1_17' title='bbox 855 1022 1123 1122; x_wconf 89' lang='lat' dir='ltr'>aliquid</span> <span class='ocrx_word' id='word_1_18' title='bbox 1212 1021 1403 1122; x_wconf 89' lang='lat' dir='ltr'>quod</span> <span class='ocrx_word' id='word_1_19' title='bbox 1486 1046 1613 1121; x_wconf 90' lang='lat' dir='ltr'>pro</span> <span class='ocrx_word' id='word_1_20' title='bbox 1692 1024 1923 1099; x_wconf 91' lang='lat' dir='ltr'>lubitu</span> <span class='ocrx_word' id='word_1_21' title='bbox 2007 1032 2341 1124; x_wconf 80' lang='lat' dir='ltr'><strong>tanquam</strong></span> <span class='ocrx_word' id='word_1_22' title='bbox 2426 1023 2516 1098; x_wconf 92' lang='lat' dir='ltr'>de</span> <span class='ocrx_word' id='word_1_23' title='bbox 2593 1022 2878 1098; x_wconf 89' lang='lat' dir='ltr'>materie</span> <span class='ocrx_word' id='word_1_24' title='bbox 2944 1021 3336 1097; x_wconf 86' lang='lat' dir='ltr'>seiunctum</span> <span class='ocrx_word' id='word_1_25' title='bbox 3391 1031 3463 1096; x_wconf 90' lang='lat' dir='ltr'>et</span> <span class='ocrx_word' id='word_1_26' title='bbox 3539 1045 3662 1121; x_wconf 89' lang='lat' dir='ltr'>per</span> 
     </span>
     <span class='ocr_line' id='line_1_4' title="bbox 612 1141 3661 1242; baseline -0.001 -22"><span class='ocrx_word' id='word_1_27' title='bbox 612 1169 689 1220; x_wconf 83' lang='lat' dir='ltr'>se</span> <span class='ocrx_word' id='word_1_28' title='bbox 746 1151 1070 1220; x_wconf 78' lang='lat' dir='ltr'>constans</span> <span class='ocrx_word' id='word_1_29' title='bbox 1126 1141 1331 1218; x_wconf 90' lang='lat' dir='ltr'>nobis</span> <span class='ocrx_word' id='word_1_30' title='bbox 1390 1143 1651 1242; x_wconf 80' lang='lat' dir='ltr'>fingere</span> <span class='ocrx_word' id='word_1_31' title='bbox 1713 1142 1983 1232; x_wconf 87' lang='lat' dir='ltr'>liceret;</span> <span class='ocrx_word' id='word_1_32' title='bbox 2042 1143 2102 1219; x_wconf 86' lang='lat' dir='ltr'>si</span> <span class='ocrx_word' id='word_1_33' title='bbox 2166 1143 2299 1220; x_wconf 88' lang='lat' dir='ltr'>alio</span> <span class='ocrx_word' id='word_1_34' title='bbox 2363 1143 2570 1218; x_wconf 93' lang='lat' dir='ltr'>modo</span> <span class='ocrx_word' id='word_1_35' title='bbox 2616 1142 2694 1217; x_wconf 93' lang='lat' dir='ltr'>id</span> <span class='ocrx_word' id='word_1_36' title='bbox 2739 1142 2942 1216; x_wconf 90' lang='lat' dir='ltr'>nobis</span> <span class='ocrx_word' id='word_1_37' title='bbox 2992 1151 3661 1241; x_wconf 81' lang='lat' dir='ltr'>repraesentaremus</span> 
     </span>
     <span class='ocr_line' id='line_1_5' title="bbox 510 1245 3662 1364; baseline -0.001 -23"><span class='ocrx_word' id='word_1_38' title='bbox 510 1245 520 1252; x_wconf 46' lang='lat'><em>⁰</em></span> <span class='ocrx_word' id='word_1_39' title='bbox 610 1289 825 1364; x_wconf 88' lang='lat' dir='ltr'>quam</span> <span class='ocrx_word' id='word_1_40' title='bbox 873 1265 1229 1340; x_wconf 90' lang='lat' dir='ltr'>notionem</span> <span class='ocrx_word' id='word_1_41' title='bbox 1280 1263 1587 1361; x_wconf 91' lang='lat' dir='ltr'>aliquam</span> <span class='ocrx_word' id='word_1_42' title='bbox 1631 1263 2068 1339; x_wconf 88' lang='lat' dir='ltr'>abstractam.</span> <span class='ocrx_word' id='word_1_43' title='bbox 2173 1264 2335 1338; x_wconf 88' lang='lat' dir='ltr'>Pari</span> <span class='ocrx_word' id='word_1_44' title='bbox 2371 1264 2522 1338; x_wconf 89' lang='lat' dir='ltr'>iure</span> <span class='ocrx_word' id='word_1_45' title='bbox 2557 1287 2916 1363; x_wconf 87' lang='lat' dir='ltr'>possemus</span> <span class='ocrx_word' id='word_1_46' title='bbox 2958 1287 3208 1361; x_wconf 87' lang='lat' dir='ltr'>negare</span> <span class='ocrx_word' id='word_1_47' title='bbox 3250 1266 3430 1338; x_wconf 78' lang='lat' dir='ltr'>vires</span> <span class='ocrx_word' id='word_1_48' title='bbox 3473 1264 3662 1352; x_wconf 87' lang='lat' dir='ltr'>dari,</span> 
     </span>
     <span class='ocr_line' id='line_1_6' title="bbox 612 1381 3661 1484; baseline -0 -24"><span class='ocrx_word' id='word_1_49' title='bbox 612 1387 1101 1484; x_wconf 87' lang='lat' dir='ltr'>sufficeretque</span> <span class='ocrx_word' id='word_1_50' title='bbox 1154 1383 1345 1482; x_wconf 91' lang='lat' dir='ltr'>loqui</span> <span class='ocrx_word' id='word_1_51' title='bbox 1389 1384 1477 1458; x_wconf 90' lang='lat' dir='ltr'>de</span> <span class='ocrx_word' id='word_1_52' title='bbox 1522 1383 1829 1460; x_wconf 88' lang='lat' dir='ltr'>materiis</span> <span class='ocrx_word' id='word_1_53' title='bbox 1876 1408 2055 1483; x_wconf 90' lang='lat' dir='ltr'>quae</span> <span class='ocrx_word' id='word_1_54' title='bbox 2102 1383 2306 1459; x_wconf 88' lang='lat' dir='ltr'>certis</span> <span class='ocrx_word' id='word_1_55' title='bbox 2364 1383 2498 1458; x_wconf 89' lang='lat' dir='ltr'>sub</span> <span class='ocrx_word' id='word_1_56' title='bbox 2539 1382 3052 1458; x_wconf 88' lang='lat' dir='ltr'>conditionibus</span> <span class='ocrx_word' id='word_1_57' title='bbox 3095 1381 3378 1458; x_wconf 86' lang='lat' dir='ltr'>effectus</span> <span class='ocrx_word' id='word_1_58' title='bbox 3419 1383 3661 1472; x_wconf 82' lang='lat' dir='ltr'>edant,</span> 
     </span>
     <span class='ocr_line' id='line_1_7' title="bbox 610 1502 3660 1607; baseline -0.001 -25"><span class='ocrx_word' id='word_1_59' title='bbox 610 1507 737 1607; x_wconf 88' lang='lat' dir='ltr'>qui</span> <span class='ocrx_word' id='word_1_60' title='bbox 776 1507 1065 1582; x_wconf 86' lang='lat' dir='ltr'>effectus</span> <span class='ocrx_word' id='word_1_61' title='bbox 1105 1529 1389 1581; x_wconf 86' lang='lat' dir='ltr'>causam</span> <span class='ocrx_word' id='word_1_62' title='bbox 1424 1528 1625 1580; x_wconf 89' lang='lat' dir='ltr'>suam</span> <span class='ocrx_word' id='word_1_63' title='bbox 1665 1503 1969 1578; x_wconf 83' lang='lat' dir='ltr'>habeant</span> <span class='ocrx_word' id='word_1_64' title='bbox 2004 1504 2302 1602; x_wconf 89' lang='lat' dir='ltr'>positam</span> <span class='ocrx_word' id='word_1_65' title='bbox 2336 1503 2408 1576; x_wconf 91' lang='lat' dir='ltr'>in</span> <span class='ocrx_word' id='word_1_66' title='bbox 2456 1503 2733 1603; x_wconf 89' lang='lat' dir='ltr'>propria</span> <span class='ocrx_word' id='word_1_67' title='bbox 2771 1527 3134 1602; x_wconf 87' lang='lat' dir='ltr'>corporum</span> <span class='ocrx_word' id='word_1_68' title='bbox 3175 1502 3426 1578; x_wconf 90' lang='lat' dir='ltr'>indole.</span> <span class='ocrx_word' id='word_1_69' title='bbox 3495 1503 3660 1578; x_wconf 90' lang='lat' dir='ltr'>Phi-</span> 
     </span>
     <span class='ocr_line' id='line_1_8' title="bbox 610 1621 3663 1725; baseline -0 -24"><span class='ocrx_word' id='word_1_70' title='bbox 610 1626 923 1725; x_wconf 87' lang='lat' dir='ltr'>losophia</span> <span class='ocrx_word' id='word_1_71' title='bbox 980 1625 1100 1701; x_wconf 87' lang='lat' dir='ltr'>illa</span> <span class='ocrx_word' id='word_1_72' title='bbox 1158 1625 1381 1725; x_wconf 84' lang='lat' dir='ltr'>igitur</span> <span class='ocrx_word' id='word_1_73' title='bbox 1440 1625 1589 1700; x_wconf 88' lang='lat' dir='ltr'>sine</span> <span class='ocrx_word' id='word_1_74' title='bbox 1647 1623 1865 1699; x_wconf 90' lang='lat' dir='ltr'>dubio</span> <span class='ocrx_word' id='word_1_75' title='bbox 1924 1647 2164 1699; x_wconf 89' lang='lat' dir='ltr'>verum</span> <span class='ocrx_word' id='word_1_76' title='bbox 2226 1623 2453 1718; x_wconf 90' lang='lat' dir='ltr'>videt,</span> <span class='ocrx_word' id='word_1_77' title='bbox 2531 1621 2657 1696; x_wconf 91' lang='lat' dir='ltr'>ubi</span> <span class='ocrx_word' id='word_1_78' title='bbox 2711 1623 3068 1700; x_wconf 87' lang='lat' dir='ltr'>materiem</span> <span class='ocrx_word' id='word_1_79' title='bbox 3119 1632 3190 1698; x_wconf 92' lang='lat' dir='ltr'>et</span> <span class='ocrx_word' id='word_1_80' title='bbox 3243 1625 3418 1700; x_wconf 90' lang='lat' dir='ltr'>vires</span> <span class='ocrx_word' id='word_1_81' title='bbox 3459 1625 3663 1723; x_wconf 86' lang='lat' dir='ltr'>nobis</span> 
     </span>
     <span class='ocr_line' id='line_1_9' title="bbox 611 1743 3659 1845; baseline 0 -25"><span class='ocrx_word' id='word_1_82' title='bbox 611 1746 933 1845; x_wconf 85' lang='lat' dir='ltr'>proponit</span> <span class='ocrx_word' id='word_1_83' title='bbox 980 1746 1359 1822; x_wconf 81' lang='lat' dir='ltr'>arctissime</span> <span class='ocrx_word' id='word_1_84' title='bbox 1408 1769 1645 1821; x_wconf 87' lang='lat' dir='ltr'>secum</span> <span class='ocrx_word' id='word_1_85' title='bbox 1687 1744 1984 1819; x_wconf 90' lang='lat' dir='ltr'>invicem</span> <span class='ocrx_word' id='word_1_86' title='bbox 2024 1744 2461 1832; x_wconf 76' lang='lat' dir='ltr'>coniunctaS‚</span> <span class='ocrx_word' id='word_1_87' title='bbox 2511 1768 2740 1842; x_wconf 91' lang='lat' dir='ltr'>neque</span> <span class='ocrx_word' id='word_1_88' title='bbox 2782 1743 2922 1818; x_wconf 88' lang='lat' dir='ltr'>ullo</span> <span class='ocrx_word' id='word_1_89' title='bbox 2959 1744 3166 1818; x_wconf 91' lang='lat' dir='ltr'>modo</span> <span class='ocrx_word' id='word_1_90' title='bbox 3205 1745 3659 1835; x_wconf 87' lang='lat' dir='ltr'>divellendas‚</span> 
     </span>
     <span class='ocr_line' id='line_1_10' title="bbox 610 1863 3660 1965; baseline 0 -25"><span class='ocrx_word' id='word_1_91' title='bbox 610 1891 837 1964; x_wconf 90' lang='lat' dir='ltr'>neque</span> <span class='ocrx_word' id='word_1_92' title='bbox 876 1865 1129 1944; x_wconf 84' lang='lat' dir='ltr'>falsum</span> <span class='ocrx_word' id='word_1_93' title='bbox 1168 1873 1277 1941; x_wconf 88' lang='lat' dir='ltr'>est</span> <span class='ocrx_word' id='word_1_94' title='bbox 1320 1890 1602 1942; x_wconf 89' lang='lat' dir='ltr'>causam</span> <span class='ocrx_word' id='word_1_95' title='bbox 1645 1864 1933 1942; x_wconf 89' lang='lat' dir='ltr'>actionis</span> <span class='ocrx_word' id='word_1_96' title='bbox 1975 1864 2265 1942; x_wconf 90' lang='lat' dir='ltr'>alicuius</span> <span class='ocrx_word' id='word_1_97' title='bbox 2283 1922 2303 1953; x_wconf 92' lang='lat'>‚</span> <span class='ocrx_word' id='word_1_98' title='bbox 2355 1889 2534 1962; x_wconf 90' lang='lat' dir='ltr'>quae</span> <span class='ocrx_word' id='word_1_99' title='bbox 2573 1864 2798 1963; x_wconf 88' lang='lat' dir='ltr'>posita</span> <span class='ocrx_word' id='word_1_100' title='bbox 2836 1863 2927 1938; x_wconf 89' lang='lat' dir='ltr'>sit</span> <span class='ocrx_word' id='word_1_101' title='bbox 2970 1863 3044 1939; x_wconf 91' lang='lat' dir='ltr'>in</span> <span class='ocrx_word' id='word_1_102' title='bbox 3089 1866 3366 1965; x_wconf 89' lang='lat' dir='ltr'>propria</span> <span class='ocrx_word' id='word_1_103' title='bbox 3409 1873 3660 1941; x_wconf 89' lang='lat' dir='ltr'>natura</span> 
     </span>
     <span class='ocr_line' id='line_1_11' title="bbox 611 1984 3662 2084; baseline 0.001 -25"><span class='ocrx_word' id='word_1_104' title='bbox 611 1986 1034 2061; x_wconf 85' lang='lat' dir='ltr'>diversarum</span> <span class='ocrx_word' id='word_1_105' title='bbox 1078 1985 1521 2061; x_wconf 86' lang='lat' dir='ltr'>materierum</span> <span class='ocrx_word' id='word_1_106' title='bbox 1541 2042 1562 2073; x_wconf 87' lang='lat'>,</span> <span class='ocrx_word' id='word_1_107' title='bbox 1606 1985 1855 2060; x_wconf 89' lang='lat' dir='ltr'>harum</span> <span class='ocrx_word' id='word_1_108' title='bbox 1905 1985 2398 2084; x_wconf 86' lang='lat' dir='ltr'>proprietatem</span> <span class='ocrx_word' id='word_1_109' title='bbox 2441 1984 2747 2083; x_wconf 86' lang='lat' dir='ltr'>aliquam</span> <span class='ocrx_word' id='word_1_110' title='bbox 2792 1984 3157 2083; x_wconf 90' lang='lat' dir='ltr'>appellare.</span> <span class='ocrx_word' id='word_1_111' title='bbox 3213 2029 3310 2042; x_wconf 93' lang='lat'>—</span> <span class='ocrx_word' id='word_1_112' title='bbox 3355 1987 3496 2061; x_wconf 88' lang='lat' dir='ltr'>Sed</span> <span class='ocrx_word' id='word_1_113' title='bbox 3533 1988 3662 2062; x_wconf 92' lang='lat' dir='ltr'>hoc</span> 
     </span>
     <span class='ocr_line' id='line_1_12' title="bbox 607 2103 3660 2207; baseline 0 -27"><span class='ocrx_word' id='word_1_114' title='bbox 607 2106 940 2204; x_wconf 88' lang='lat' dir='ltr'>placitum</span> <span class='ocrx_word' id='word_1_115' title='bbox 990 2105 1265 2204; x_wconf 73' lang='lat' dir='ltr'>illorum</span> <span class='ocrx_word' id='word_1_116' title='bbox 1318 2105 1883 2204; x_wconf 88' lang='lat' dir='ltr'>philosophorum</span> <span class='ocrx_word' id='word_1_117' title='bbox 1937 2104 2227 2179; x_wconf 89' lang='lat' dir='ltr'>ulterius</span> <span class='ocrx_word' id='word_1_118' title='bbox 2274 2103 2523 2178; x_wconf 89' lang='lat' dir='ltr'>tendit.</span> <span class='ocrx_word' id='word_1_119' title='bbox 2625 2105 2812 2179; x_wconf 90' lang='lat' dir='ltr'>Nam</span> <span class='ocrx_word' id='word_1_120' title='bbox 2863 2105 3048 2180; x_wconf 88' lang='lat' dir='ltr'>basis</span> <span class='ocrx_word' id='word_1_121' title='bbox 3105 2113 3212 2179; x_wconf 91' lang='lat' dir='ltr'>est</span> <span class='ocrx_word' id='word_1_122' title='bbox 3259 2107 3373 2181; x_wconf 91' lang='lat' dir='ltr'>cui</span> <span class='ocrx_word' id='word_1_123' title='bbox 3423 2131 3660 2207; x_wconf 88' lang='lat' dir='ltr'>super-</span> 
     </span>
     <span class='ocr_line' id='line_1_13' title="bbox 608 2224 3666 2325; baseline 0.001 -26"><span class='ocrx_word' id='word_1_124' title='bbox 608 2232 891 2300; x_wconf 84' lang='lat' dir='ltr'>atruunt</span> <span class='ocrx_word' id='word_1_125' title='bbox 936 2225 985 2299; x_wconf 90' lang='lat' dir='ltr'>d</span> <span class='ocrx_word' id='word_1_126' title='bbox 1004 2224 1343 2302; x_wconf 83' lang='lat' dir='ltr'>octrinam</span> <span class='ocrx_word' id='word_1_127' title='bbox 1402 2226 1490 2300; x_wconf 88' lang='lat' dir='ltr'>de</span> <span class='ocrx_word' id='word_1_128' title='bbox 1556 2225 1793 2300; x_wconf 88' lang='lat' dir='ltr'>animo</span> <span class='ocrx_word' id='word_1_129' title='bbox 1865 2224 2165 2300; x_wconf 90' lang='lat' dir='ltr'>hominis</span> <span class='ocrx_word' id='word_1_130' title='bbox 2188 2283 2211 2312; x_wconf 89' lang='lat'>‚</span> <span class='ocrx_word' id='word_1_131' title='bbox 2285 2225 2612 2300; x_wconf 89' lang='lat' dir='ltr'>materiae</span> <span class='ocrx_word' id='word_1_132' title='bbox 2682 2249 2962 2325; x_wconf 83' lang='lat' dir='ltr'>prorsus</span> <span class='ocrx_word' id='word_1_133' title='bbox 3037 2225 3391 2316; x_wconf 86' lang='lat' dir='ltr'>subiecto,</span> <span class='ocrx_word' id='word_1_134' title='bbox 3464 2234 3536 2301; x_wconf 92' lang='lat' dir='ltr'>et</span> <span class='ocrx_word' id='word_1_135' title='bbox 3583 2253 3666 2303; x_wconf 94' lang='lat' dir='ltr'>eo</span> 
     </span>
     <span class='ocr_line' id='line_1_14' title="bbox 610 2344 3668 2452; baseline 0.001 -32"><span class='ocrx_word' id='word_1_136' title='bbox 610 2371 831 2445; x_wconf 91' lang='lat' dir='ltr'>usque</span> <span class='ocrx_word' id='word_1_137' title='bbox 879 2345 1045 2420; x_wconf 87' lang='lat' dir='ltr'>inde</span> <span class='ocrx_word' id='word_1_138' title='bbox 1090 2352 1395 2445; x_wconf 88' lang='lat' dir='ltr'>pergunt</span> <span class='ocrx_word' id='word_1_139' title='bbox 1449 2351 1529 2419; x_wconf 86' lang='lat' dir='ltr'>ut</span> <span class='ocrx_word' id='word_1_140' title='bbox 1579 2370 1938 2420; x_wconf 87' lang='lat' dir='ltr'>summum</span> <span class='ocrx_word' id='word_1_141' title='bbox 1980 2369 2241 2422; x_wconf 87' lang='lat' dir='ltr'>numen</span> <span class='ocrx_word' id='word_1_142' title='bbox 2262 2404 2281 2432; x_wconf 91' lang='lat'>,</span> <span class='ocrx_word' id='word_1_143' title='bbox 2333 2344 2524 2443; x_wconf 91' lang='lat' dir='ltr'>quod</span> <span class='ocrx_word' id='word_1_144' title='bbox 2557 2345 2745 2422; x_wconf 89' lang='lat' dir='ltr'>hunc</span> <span class='ocrx_word' id='word_1_145' title='bbox 2791 2346 3136 2452; x_wconf 84' lang='lat' dir='ltr'>mundum</span> <span class='ocrx_word' id='word_1_146' title='bbox 3166 2346 3532 2434; x_wconf 88' lang='lat' dir='ltr'>creaverit,</span> <span class='ocrx_word' id='word_1_147' title='bbox 3581 2371 3668 2422; x_wconf 84' lang='lat' dir='ltr'>ex</span> 
     </span>
     <span class='ocr_line' id='line_1_15' title="bbox 614 2463 3672 2565; baseline 0.001 -25"><span class='ocrx_word' id='word_1_148' title='bbox 614 2468 767 2565; x_wconf 89' lang='lat' dir='ltr'>ipsa</span> <span class='ocrx_word' id='word_1_149' title='bbox 814 2491 1047 2542; x_wconf 91' lang='lat' dir='ltr'>rerum</span> <span class='ocrx_word' id='word_1_150' title='bbox 1104 2473 1355 2540; x_wconf 89' lang='lat' dir='ltr'>natura</span> <span class='ocrx_word' id='word_1_151' title='bbox 1402 2465 1669 2540; x_wconf 88' lang='lat' dir='ltr'>tollant.</span> <span class='ocrx_word' id='word_1_152' title='bbox 1780 2463 2335 2563; x_wconf 78' lang='lat' dir='ltr'>etQuicumque&#39;&#39;</span> <span class='ocrx_word' id='word_1_153' title='bbox 2386 2465 2618 2562; x_wconf 90' lang='lat' dir='ltr'>inquit</span> <span class='ocrx_word' id='word_1_154' title='bbox 2660 2467 3110 2541; x_wconf 73' lang='lat' dir='ltr'>Bucnnnaus</span> <span class='ocrx_word' id='word_1_155' title='bbox 3134 2525 3154 2555; x_wconf 93' lang='lat'>‚</span> <span class='ocrx_word' id='word_1_156' title='bbox 3229 2497 3265 2538; x_wconf 81' lang='lat' dir='ltr'>n</span> <span class='ocrx_word' id='word_1_157' title='bbox 3287 2468 3672 2565; x_wconf 89' lang='lat' dir='ltr'>loquuntur</span> 
     </span>
     <span class='ocr_line' id='line_1_16' title="bbox 610 2584 3670 2685; baseline 0 -22"><span class='ocrx_word' id='word_1_158' title='bbox 610 2588 699 2663; x_wconf 89' lang='lat' dir='ltr'>de</span> <span class='ocrx_word' id='word_1_159' title='bbox 746 2586 998 2662; x_wconf 90' lang='lat' dir='ltr'>mundi</span> <span class='ocrx_word' id='word_1_160' title='bbox 1042 2585 1287 2684; x_wconf 89' lang='lat' dir='ltr'>opifice</span> <span class='ocrx_word' id='word_1_161' title='bbox 1338 2584 1480 2658; x_wconf 88' lang='lat' dir='ltr'>sive</span> <span class='ocrx_word' id='word_1_162' title='bbox 1520 2585 1609 2660; x_wconf 88' lang='lat' dir='ltr'>de</span> <span class='ocrx_word' id='word_1_163' title='bbox 1654 2584 1919 2659; x_wconf 88' lang='lat' dir='ltr'>viribus</span> <span class='ocrx_word' id='word_1_164' title='bbox 1970 2585 2415 2660; x_wconf 90' lang='lat' dir='ltr'>creatricibus</span> <span class='ocrx_word' id='word_1_165' title='bbox 2467 2610 2646 2684; x_wconf 90' lang='lat' dir='ltr'>quae</span> <span class='ocrx_word' id='word_1_166' title='bbox 2692 2586 3036 2662; x_wconf 91' lang='lat' dir='ltr'>mundum</span> <span class='ocrx_word' id='word_1_167' title='bbox 3073 2611 3160 2662; x_wconf 87' lang='lat' dir='ltr'>ex</span> <span class='ocrx_word' id='word_1_168' title='bbox 3205 2611 3282 2660; x_wconf 90' lang='lat' dir='ltr'>se</span> <span class='ocrx_word' id='word_1_169' title='bbox 3325 2587 3514 2685; x_wconf 90' lang='lat' dir='ltr'>ipso,</span> <span class='ocrx_word' id='word_1_170' title='bbox 3561 2592 3670 2664; x_wconf 83' lang='lat' dir='ltr'>vel</span> 
     </span>
    </p>
   </div>
   <div class='ocr_carea' id='block_1_3' title="bbox 607 2704 3824 2806">
    <p class='ocr_par' dir='ltr' id='par_1_3' title="bbox 607 2704 3824 2806">
     <span class='ocr_line' id='line_1_17' title="bbox 607 2704 3824 2806; baseline -0 -24"><span class='ocrx_word' id='word_1_171' title='bbox 607 2733 651 2782; x_wconf 92' lang='lat' dir='ltr'>e</span> <span class='ocrx_word' id='word_1_172' title='bbox 696 2707 911 2781; x_wconf 83' lang='lat' dir='ltr'>nihilo</span> <span class='ocrx_word' id='word_1_173' title='bbox 954 2705 1305 2780; x_wconf 85' lang='lat' dir='ltr'>effecerint</span> <span class='ocrx_word' id='word_1_174' title='bbox 1325 2763 1345 2793; x_wconf 92' lang='lat'>‚</span> <span class='ocrx_word' id='word_1_175' title='bbox 1394 2727 1513 2780; x_wconf 89' lang='lat' dir='ltr'>eos</span> <span class='ocrx_word' id='word_1_176' title='bbox 1529 2762 1549 2793; x_wconf 92' lang='lat'><em>,</em></span> <span class='ocrx_word' id='word_1_177' title='bbox 1596 2706 1767 2780; x_wconf 88' lang='lat' dir='ltr'>nae!</span> <span class='ocrx_word' id='word_1_178' title='bbox 1824 2704 1993 2780; x_wconf 90' lang='lat' dir='ltr'>latet</span> <span class='ocrx_word' id='word_1_179' title='bbox 2029 2706 2339 2804; x_wconf 89' lang='lat' dir='ltr'>primum</span> <span class='ocrx_word' id='word_1_180' title='bbox 2380 2712 2453 2780; x_wconf 87' lang='lat' dir='ltr'>et</span> <span class='ocrx_word' id='word_1_181' title='bbox 2495 2704 3085 2805; x_wconf 88' lang='lat' dir='ltr'>simplicissimum</span> <span class='ocrx_word' id='word_1_182' title='bbox 3129 2706 3668 2782; x_wconf 88' lang='lat' dir='ltr'>fundamentum</span> <span class='ocrx_word' id='word_1_183' title='bbox 3807 2800 3824 2806; x_wconf 22' lang='grc' dir='ltr'>ἱ</span> 
     </span>
    </p>
   </div>
   <div class='ocr_carea' id='block_1_4' title="bbox 607 2824 3714 4846">
    <p class='ocr_par' dir='ltr' id='par_1_4' title="bbox 607 2824 3714 4846">
     <span class='ocr_line' id='line_1_18' title="bbox 608 2824 3538 2925; baseline 0 -23"><span class='ocrx_word' id='word_1_184' title='bbox 608 2825 1215 2924; x_wconf 84' lang='lat' dir='ltr'>contemplationis</span> <span class='ocrx_word' id='word_1_185' title='bbox 1263 2831 1551 2900; x_wconf 87' lang='lat' dir='ltr'>naturae</span> <span class='ocrx_word' id='word_1_186' title='bbox 1599 2847 1758 2898; x_wconf 86' lang='lat' dir='ltr'>vere</span> <span class='ocrx_word' id='word_1_187' title='bbox 1811 2824 2321 2925; x_wconf 89' lang='lat' dir='ltr'>philosophicae</span> <span class='ocrx_word' id='word_1_188' title='bbox 2378 2832 2450 2900; x_wconf 86' lang='lat' dir='ltr'>et</span> <span class='ocrx_word' id='word_1_189' title='bbox 2499 2825 2960 2923; x_wconf 82' lang='lat' dir='ltr'>experientiae</span> <span class='ocrx_word' id='word_1_190' title='bbox 3011 2826 3147 2925; x_wconf 89' lang='lat' dir='ltr'>ipsi</span> <span class='ocrx_word' id='word_1_191' title='bbox 3191 2826 3538 2903; x_wconf 86' lang='lat' dir='ltr'>innixae.&#39;’</span> 
     </span>
     <span class='ocr_line' id='line_1_19' title="bbox 708 2944 3668 3045; baseline 0.001 -25"><span class='ocrx_word' id='word_1_192' title='bbox 708 2945 973 3021; x_wconf 87' lang='lat' dir='ltr'>Modus</span> <span class='ocrx_word' id='word_1_193' title='bbox 1036 2968 1177 3044; x_wconf 91' lang='lat' dir='ltr'>quo</span> <span class='ocrx_word' id='word_1_194' title='bbox 1240 2944 1497 3019; x_wconf 85' lang='lat' dir='ltr'>existat</span> <span class='ocrx_word' id='word_1_195' title='bbox 1560 2949 1811 3018; x_wconf 84' lang='lat' dir='ltr'>natura</span> <span class='ocrx_word' id='word_1_196' title='bbox 1868 2969 2193 3045; x_wconf 87' lang='lat' dir='ltr'>corporea</span> <span class='ocrx_word' id='word_1_197' title='bbox 2252 2944 2521 3020; x_wconf 87' lang='lat' dir='ltr'>homini</span> <span class='ocrx_word' id='word_1_198' title='bbox 2581 2945 2904 3044; x_wconf 83' lang='lat' dir='ltr'>aenigma</span> <span class='ocrx_word' id='word_1_199' title='bbox 2968 2953 3109 3034; x_wconf 88' lang='lat' dir='ltr'>est,</span> <span class='ocrx_word' id='word_1_200' title='bbox 3169 2947 3361 3045; x_wconf 90' lang='lat' dir='ltr'>quod</span> <span class='ocrx_word' id='word_1_201' title='bbox 3409 2947 3668 3024; x_wconf 84' lang='lat' dir='ltr'>solvere</span> 
     </span>
     <span class='ocr_line' id='line_1_20' title="bbox 612 3061 3665 3164; baseline -0 -23"><span class='ocrx_word' id='word_1_202' title='bbox 612 3089 749 3141; x_wconf 91' lang='lat' dir='ltr'>non</span> <span class='ocrx_word' id='word_1_203' title='bbox 802 3065 1003 3140; x_wconf 84' lang='lat' dir='ltr'>valet.</span> <span class='ocrx_word' id='word_1_204' title='bbox 1122 3064 1359 3140; x_wconf 90' lang='lat' dir='ltr'>Homo</span> <span class='ocrx_word' id='word_1_205' title='bbox 1417 3063 1637 3163; x_wconf 84' lang='lat' dir='ltr'>igitur</span> <span class='ocrx_word' id='word_1_206' title='bbox 1700 3061 1913 3136; x_wconf 85' lang='lat' dir='ltr'>sentit</span> <span class='ocrx_word' id='word_1_207' title='bbox 1970 3063 2455 3138; x_wconf 86' lang='lat' dir='ltr'>necessitatem</span> <span class='ocrx_word' id='word_1_208' title='bbox 2513 3062 2935 3162; x_wconf 82' lang='lat' dir='ltr'>agnoscendi</span> <span class='ocrx_word' id='word_1_209' title='bbox 2989 3072 3312 3140; x_wconf 87' lang='lat' dir='ltr'>naturam</span> <span class='ocrx_word' id='word_1_210' title='bbox 3356 3065 3665 3164; x_wconf 89' lang='lat' dir='ltr'>aliquam</span> 
     </span>
     <span class='ocr_line' id='line_1_21' title="bbox 607 3182 3664 3286; baseline 0.001 -26"><span class='ocrx_word' id='word_1_211' title='bbox 607 3186 951 3261; x_wconf 85' lang='lat' dir='ltr'>excelsam</span> <span class='ocrx_word' id='word_1_212' title='bbox 975 3243 995 3273; x_wconf 93' lang='lat'><em>,</em></span> <span class='ocrx_word' id='word_1_213' title='bbox 1061 3183 1609 3283; x_wconf 88' lang='lat' dir='ltr'>omnipotentem</span> <span class='ocrx_word' id='word_1_214' title='bbox 1628 3239 1651 3271; x_wconf 88' lang='lat'>,</span> <span class='ocrx_word' id='word_1_215' title='bbox 1715 3205 1755 3256; x_wconf 91' lang='lat' dir='ltr'>e</span> <span class='ocrx_word' id='word_1_216' title='bbox 1824 3206 1965 3281; x_wconf 91' lang='lat' dir='ltr'>qua</span> <span class='ocrx_word' id='word_1_217' title='bbox 2026 3206 2231 3258; x_wconf 88' lang='lat' dir='ltr'>omne</span> <span class='ocrx_word' id='word_1_218' title='bbox 2289 3182 2465 3260; x_wconf 89' lang='lat' dir='ltr'>illud</span> <span class='ocrx_word' id='word_1_219' title='bbox 2484 3240 2506 3272; x_wconf 91' lang='lat'>‚</span> <span class='ocrx_word' id='word_1_220' title='bbox 2574 3183 2764 3283; x_wconf 93' lang='lat' dir='ltr'>quod</span> <span class='ocrx_word' id='word_1_221' title='bbox 2819 3183 3206 3283; x_wconf 86' lang='lat' dir='ltr'>intelligere</span> <span class='ocrx_word' id='word_1_222' title='bbox 3259 3193 3330 3260; x_wconf 92' lang='lat' dir='ltr'>et</span> <span class='ocrx_word' id='word_1_223' title='bbox 3390 3186 3477 3260; x_wconf 92' lang='lat' dir='ltr'>de</span> <span class='ocrx_word' id='word_1_224' title='bbox 3522 3211 3664 3286; x_wconf 91' lang='lat' dir='ltr'>quo</span> 
     </span>
     <span class='ocr_line' id='line_1_22' title="bbox 608 3302 3667 3407; baseline 0 -25"><span class='ocrx_word' id='word_1_225' title='bbox 608 3307 825 3382; x_wconf 88' lang='lat' dir='ltr'>claras</span> <span class='ocrx_word' id='word_1_226' title='bbox 878 3306 1197 3382; x_wconf 87' lang='lat' dir='ltr'>notiones</span> <span class='ocrx_word' id='word_1_227' title='bbox 1238 3302 1373 3380; x_wconf 90' lang='lat' dir='ltr'>sibi</span> <span class='ocrx_word' id='word_1_228' title='bbox 1412 3311 1649 3379; x_wconf 90' lang='lat' dir='ltr'>mente</span> <span class='ocrx_word' id='word_1_229' title='bbox 1693 3302 2063 3379; x_wconf 82' lang='lat' dir='ltr'>informare</span> <span class='ocrx_word' id='word_1_230' title='bbox 2104 3327 2494 3402; x_wconf 87' lang='lat' dir='ltr'>numquam</span> <span class='ocrx_word' id='word_1_231' title='bbox 2534 3304 2764 3403; x_wconf 89' lang='lat' dir='ltr'>potuit</span> <span class='ocrx_word' id='word_1_232' title='bbox 2781 3363 2802 3394; x_wconf 89' lang='lat'>,</span> <span class='ocrx_word' id='word_1_233' title='bbox 2851 3305 3247 3404; x_wconf 83' lang='lat' dir='ltr'>explicetur.</span> <span class='ocrx_word' id='word_1_234' title='bbox 3317 3307 3667 3407; x_wconf 87' lang='lat' dir='ltr'>Empirica</span> 
     </span>
     <span class='ocr_line' id='line_1_23' title="bbox 618 3411 3714 3524; baseline 0 -22"><span class='ocrx_word' id='word_1_235' title='bbox 618 3435 907 3504; x_wconf 88' lang='lat' dir='ltr'>naturae</span> <span class='ocrx_word' id='word_1_236' title='bbox 954 3411 1209 3502; x_wconf 64' lang='lat' dir='ltr'>rerum&#39;</span> <span class='ocrx_word' id='word_1_237' title='bbox 1232 3421 1675 3524; x_wconf 83' lang='lat' dir='ltr'>investigatio</span> <span class='ocrx_word' id='word_1_238' title='bbox 1718 3448 1859 3499; x_wconf 93' lang='lat' dir='ltr'>non</span> <span class='ocrx_word' id='word_1_239' title='bbox 1912 3423 2107 3500; x_wconf 91' lang='lat' dir='ltr'>ducit</span> <span class='ocrx_word' id='word_1_240' title='bbox 2150 3424 2504 3500; x_wconf 88' lang='lat' dir='ltr'>hominem</span> <span class='ocrx_word' id='word_1_241' title='bbox 2543 3433 2730 3501; x_wconf 89' lang='lat' dir='ltr'>recta</span> <span class='ocrx_word' id='word_1_242' title='bbox 2773 3425 2882 3501; x_wconf 89' lang='lat' dir='ltr'>via</span> <span class='ocrx_word' id='word_1_243' title='bbox 2929 3450 3011 3500; x_wconf 91' lang='lat' dir='ltr'>eo</span> <span class='ocrx_word' id='word_1_244' title='bbox 3029 3483 3050 3514; x_wconf 89' lang='lat'>,</span> <span class='ocrx_word' id='word_1_245' title='bbox 3101 3433 3182 3500; x_wconf 92' lang='lat' dir='ltr'>ut</span> <span class='ocrx_word' id='word_1_246' title='bbox 3224 3427 3666 3504; x_wconf 80' lang='lat' dir='ltr'>excelsiorem</span> <span class='ocrx_word' id='word_1_247' title='bbox 3705 3505 3714 3512; x_wconf 78' lang='grc'><strong>,</strong></span> 
     </span>
     <span class='ocr_line' id='line_1_24' title="bbox 612 3545 3661 3644; baseline 0 -22"><span class='ocrx_word' id='word_1_248' title='bbox 612 3548 959 3624; x_wconf 87' lang='lat' dir='ltr'>eiusmodi</span> <span class='ocrx_word' id='word_1_249' title='bbox 998 3553 1321 3623; x_wconf 90' lang='lat' dir='ltr'>naturam</span> <span class='ocrx_word' id='word_1_250' title='bbox 1371 3552 1739 3644; x_wconf 80' lang='lat' dir='ltr'>agnoscat:</span> <span class='ocrx_word' id='word_1_251' title='bbox 1790 3545 1917 3622; x_wconf 89' lang='lat' dir='ltr'>sed</span> <span class='ocrx_word' id='word_1_252' title='bbox 1954 3569 2281 3644; x_wconf 88' lang='lat' dir='ltr'>quaerere</span> <span class='ocrx_word' id='word_1_253' title='bbox 2330 3545 2492 3622; x_wconf 83' lang='lat' dir='ltr'>licet</span> <span class='ocrx_word' id='word_1_254' title='bbox 2510 3604 2530 3635; x_wconf 91' lang='lat'><em>,</em></span> <span class='ocrx_word' id='word_1_255' title='bbox 2579 3570 2754 3622; x_wconf 88' lang='lat' dir='ltr'>num</span> <span class='ocrx_word' id='word_1_256' title='bbox 2795 3546 3147 3621; x_wconf 88' lang='lat' dir='ltr'>evidenter</span> <span class='ocrx_word' id='word_1_257' title='bbox 3194 3545 3661 3635; x_wconf 89' lang='lat' dir='ltr'>demonstret,</span> 
     </span>
     <span class='ocr_line' id='line_1_25' title="bbox 617 3653 3701 3765; baseline 0 -24"><span class='ocrx_word' id='word_1_258' title='bbox 617 3691 901 3742; x_wconf 88' lang='lat' dir='ltr'>sensum</span> <span class='ocrx_word' id='word_1_259' title='bbox 936 3689 1077 3763; x_wconf 92' lang='lat' dir='ltr'>quo</span> <span class='ocrx_word' id='word_1_260' title='bbox 1102 3662 1549 3762; x_wconf 88' lang='lat' dir='ltr'>propellimur</span> <span class='ocrx_word' id='word_1_261' title='bbox 1572 3662 1667 3737; x_wconf 89' lang='lat' dir='ltr'>ad</span> <span class='ocrx_word' id='word_1_262' title='bbox 1691 3665 2199 3762; x_wconf 82' lang='lat' dir='ltr'>agnoscendam</span> <span class='ocrx_word' id='word_1_263' title='bbox 2228 3672 2644 3764; x_wconf 86' lang='lat' dir='ltr'>potestatem</span> <span class='ocrx_word' id='word_1_264' title='bbox 2675 3667 3000 3742; x_wconf 83' lang='lat' dir='ltr'>materiae</span> <span class='ocrx_word' id='word_1_265' title='bbox 3029 3667 3486 3765; x_wconf 89' lang='lat' dir='ltr'>imperantem</span> <span class='ocrx_word' id='word_1_266' title='bbox 3512 3691 3662 3742; x_wconf 87' lang='lat' dir='ltr'>esse</span> <span class='ocrx_word' id='word_1_267' title='bbox 3697 3653 3701 3656; x_wconf 48' lang='grc'><strong><em>’</em></strong></span> 
     </span>
     <span class='ocr_line' id='line_1_26' title="bbox 610 3783 3664 3882; baseline 0.001 -23"><span class='ocrx_word' id='word_1_268' title='bbox 610 3809 867 3859; x_wconf 88' lang='lat' dir='ltr'>vanum</span> <span class='ocrx_word' id='word_1_269' title='bbox 885 3842 905 3872; x_wconf 93' lang='lat'>,</span> <span class='ocrx_word' id='word_1_270' title='bbox 954 3790 1077 3858; x_wconf 91' lang='lat' dir='ltr'>aut</span> <span class='ocrx_word' id='word_1_271' title='bbox 1124 3783 1313 3857; x_wconf 91' lang='lat' dir='ltr'>hunc</span> <span class='ocrx_word' id='word_1_272' title='bbox 1342 3805 1623 3880; x_wconf 86' lang='lat' dir='ltr'>prorsus</span> <span class='ocrx_word' id='word_1_273' title='bbox 1650 3806 1815 3857; x_wconf 90' lang='lat' dir='ltr'>cum</span> <span class='ocrx_word' id='word_1_274' title='bbox 1862 3807 2029 3858; x_wconf 87' lang='lat' dir='ltr'>sana</span> <span class='ocrx_word' id='word_1_275' title='bbox 2054 3784 2319 3858; x_wconf 89' lang='lat' dir='ltr'>ratione</span> <span class='ocrx_word' id='word_1_276' title='bbox 2360 3788 2724 3882; x_wconf 74' lang='lat' dir='ltr'>pugnare?</span> <span class='ocrx_word' id='word_1_277' title='bbox 2787 3787 3126 3875; x_wconf 88' lang='lat' dir='ltr'>Quaerere</span> <span class='ocrx_word' id='word_1_278' title='bbox 3166 3787 3326 3861; x_wconf 91' lang='lat' dir='ltr'>licet</span> <span class='ocrx_word' id='word_1_279' title='bbox 3371 3809 3545 3860; x_wconf 91' lang='lat' dir='ltr'>num</span> <span class='ocrx_word' id='word_1_280' title='bbox 3587 3787 3664 3862; x_wconf 92' lang='lat' dir='ltr'>id</span> 
     </span>
     <span class='ocr_line' id='line_1_27' title="bbox 612 3900 3662 4001; baseline 0.002 -25"><span class='ocrx_word' id='word_1_281' title='bbox 612 3928 687 3978; x_wconf 89' lang='lat' dir='ltr'>re</span> <span class='ocrx_word' id='word_1_282' title='bbox 748 3904 901 4001; x_wconf 90' lang='lat' dir='ltr'>ipsa</span> <span class='ocrx_word' id='word_1_283' title='bbox 970 3910 1301 4000; x_wconf 87' lang='lat' dir='ltr'>sequatur</span> <span class='ocrx_word' id='word_1_284' title='bbox 1374 3926 1415 3976; x_wconf 96' lang='lat' dir='ltr'>e</span> <span class='ocrx_word' id='word_1_285' title='bbox 1479 3901 1767 4000; x_wconf 82' lang='lat' dir='ltr'>placito,</span> <span class='ocrx_word' id='word_1_286' title='bbox 1836 3901 2013 3975; x_wconf 87' lang='lat' dir='ltr'>vires</span> <span class='ocrx_word' id='word_1_287' title='bbox 2083 3901 2192 3975; x_wconf 86' lang='lat' dir='ltr'>vel</span> <span class='ocrx_word' id='word_1_288' title='bbox 2258 3900 2620 3977; x_wconf 85' lang='lat' dir='ltr'>facultates</span> <span class='ocrx_word' id='word_1_289' title='bbox 2680 3905 3004 3989; x_wconf 82' lang='lat' dir='ltr'>materiae</span> <span class='ocrx_word' id='word_1_290' title='bbox 3057 3905 3459 3982; x_wconf 88' lang='lat' dir='ltr'>coniunctas</span> <span class='ocrx_word' id='word_1_291' title='bbox 3511 3929 3662 3982; x_wconf 84' lang='lat' dir='ltr'>esse</span> 
     </span>
     <span class='ocr_line' id='line_1_28' title="bbox 613 4020 3660 4126; baseline 0.001 -28"><span class='ocrx_word' id='word_1_292' title='bbox 613 4047 841 4123; x_wconf 87' lang='lat' dir='ltr'>neque</span> <span class='ocrx_word' id='word_1_293' title='bbox 888 4022 1123 4098; x_wconf 82' lang='lat' dir='ltr'>divelli</span> <span class='ocrx_word' id='word_1_294' title='bbox 1169 4023 1261 4098; x_wconf 92' lang='lat' dir='ltr'>ab</span> <span class='ocrx_word' id='word_1_295' title='bbox 1307 4047 1391 4099; x_wconf 90' lang='lat' dir='ltr'>ea</span> <span class='ocrx_word' id='word_1_296' title='bbox 1442 4046 1645 4122; x_wconf 87' lang='lat' dir='ltr'>posse</span> <span class='ocrx_word' id='word_1_297' title='bbox 1664 4079 1685 4112; x_wconf 92' lang='lat'><strong><em>,</em></strong></span> <span class='ocrx_word' id='word_1_298' title='bbox 1737 4020 1903 4121; x_wconf 83' lang='lat' dir='ltr'>quia</span> <span class='ocrx_word' id='word_1_299' title='bbox 1959 4021 2155 4099; x_wconf 67' lang='lat' dir='ltr'>istae,</span> <span class='ocrx_word' id='word_1_300' title='bbox 2190 4021 2365 4098; x_wconf 88' lang='lat' dir='ltr'>vires</span> <span class='ocrx_word' id='word_1_301' title='bbox 2416 4023 2525 4098; x_wconf 88' lang='lat' dir='ltr'>vel</span> <span class='ocrx_word' id='word_1_302' title='bbox 2570 4021 2930 4100; x_wconf 86' lang='lat' dir='ltr'>facultates</span> <span class='ocrx_word' id='word_1_303' title='bbox 2991 4049 3132 4100; x_wconf 88' lang='lat' dir='ltr'>non</span> <span class='ocrx_word' id='word_1_304' title='bbox 3179 4027 3490 4102; x_wconf 85' lang='lat' dir='ltr'>existunt</span> <span class='ocrx_word' id='word_1_305' title='bbox 3534 4051 3660 4126; x_wconf 91' lang='lat' dir='ltr'>per</span> 
     </span>
     <span class='ocr_line' id='line_1_29' title="bbox 616 4142 3657 4244; baseline 0.001 -26"><span class='ocrx_word' id='word_1_306' title='bbox 616 4169 687 4218; x_wconf 88' lang='lat' dir='ltr'>se</span> <span class='ocrx_word' id='word_1_307' title='bbox 704 4199 723 4232; x_wconf 91' lang='lat'>,</span> <span class='ocrx_word' id='word_1_308' title='bbox 798 4143 923 4217; x_wconf 85' lang='lat' dir='ltr'>sed</span> <span class='ocrx_word' id='word_1_309' title='bbox 992 4167 1155 4218; x_wconf 90' lang='lat' dir='ltr'>voce</span> <span class='ocrx_word' id='word_1_310' title='bbox 1216 4147 1397 4220; x_wconf 75' lang='lat' dir='ltr'>vires</span> <span class='ocrx_word' id='word_1_311' title='bbox 1462 4165 1605 4220; x_wconf 86' lang='lat' dir='ltr'>non</span> <span class='ocrx_word' id='word_1_312' title='bbox 1667 4143 1805 4218; x_wconf 89' lang='lat' dir='ltr'>nisi</span> <span class='ocrx_word' id='word_1_313' title='bbox 1852 4142 2201 4244; x_wconf 88' lang='lat' dir='ltr'>propriam</span> <span class='ocrx_word' id='word_1_314' title='bbox 2259 4144 2638 4242; x_wconf 89' lang='lat' dir='ltr'>quamdam</span> <span class='ocrx_word' id='word_1_315' title='bbox 2689 4144 3156 4244; x_wconf 88' lang='lat' dir='ltr'>conditionem</span> <span class='ocrx_word' id='word_1_316' title='bbox 3207 4147 3534 4224; x_wconf 86' lang='lat' dir='ltr'>materiae</span> <span class='ocrx_word' id='word_1_317' title='bbox 3585 4155 3657 4222; x_wconf 88' lang='lat' dir='ltr'>et</span> 
     </span>
     <span class='ocr_line' id='line_1_30' title="bbox 614 4262 3657 4366; baseline 0 -28"><span class='ocrx_word' id='word_1_318' title='bbox 614 4262 961 4364; x_wconf 87' lang='lat' dir='ltr'>propriam</span> <span class='ocrx_word' id='word_1_319' title='bbox 1026 4262 1365 4340; x_wconf 88' lang='lat' dir='ltr'>rationem</span> <span class='ocrx_word' id='word_1_320' title='bbox 1386 4320 1408 4353; x_wconf 84' lang='lat'><em>,</em></span> <span class='ocrx_word' id='word_1_321' title='bbox 1466 4289 1647 4363; x_wconf 87' lang='lat' dir='ltr'>quae</span> <span class='ocrx_word' id='word_1_322' title='bbox 1712 4263 1893 4338; x_wconf 89' lang='lat' dir='ltr'>inter</span> <span class='ocrx_word' id='word_1_323' title='bbox 1956 4264 2259 4340; x_wconf 80' lang='lat' dir='ltr'>diversas</span> <span class='ocrx_word' id='word_1_324' title='bbox 2308 4265 2630 4340; x_wconf 87' lang='lat' dir='ltr'>materies</span> <span class='ocrx_word' id='word_1_325' title='bbox 2683 4265 3082 4356; x_wconf 89' lang='lat' dir='ltr'>intercedit,</span> <span class='ocrx_word' id='word_1_326' title='bbox 3137 4267 3608 4366; x_wconf 83' lang='lat' dir='ltr'>significamus</span> <span class='ocrx_word' id='word_1_327' title='bbox 3623 4268 3657 4338; x_wconf 70' lang='grc' dir='ltr'>ἱ)</span> 
     </span>
     <span class='ocr_line' id='line_1_31' title="bbox 614 4381 3658 4485; baseline 0.001 -28"><span class='ocrx_word' id='word_1_328' title='bbox 614 4381 949 4457; x_wconf 80' lang='lat' dir='ltr'>Minime!</span> <span class='ocrx_word' id='word_1_329' title='bbox 1049 4383 1200 4456; x_wconf 87' lang='lat' dir='ltr'>Ista</span> <span class='ocrx_word' id='word_1_330' title='bbox 1262 4383 1611 4458; x_wconf 87' lang='lat' dir='ltr'>conclusio</span> <span class='ocrx_word' id='word_1_331' title='bbox 1656 4409 1795 4459; x_wconf 89' lang='lat' dir='ltr'>non</span> <span class='ocrx_word' id='word_1_332' title='bbox 1840 4391 2033 4484; x_wconf 89' lang='lat' dir='ltr'>patet</span> <span class='ocrx_word' id='word_1_333' title='bbox 2080 4385 2328 4475; x_wconf 87' lang='lat' dir='ltr'>latius,</span> <span class='ocrx_word' id='word_1_334' title='bbox 2381 4409 2592 4484; x_wconf 85' lang='lat' dir='ltr'>quam</span> <span class='ocrx_word' id='word_1_335' title='bbox 2639 4393 2988 4485; x_wconf 82' lang='lat' dir='ltr'>quatenus</span> <span class='ocrx_word' id='word_1_336' title='bbox 3034 4387 3334 4485; x_wconf 89' lang='lat' dir='ltr'>pertinet</span> <span class='ocrx_word' id='word_1_337' title='bbox 3377 4385 3468 4461; x_wconf 87' lang='lat' dir='ltr'>ad</span> <span class='ocrx_word' id='word_1_338' title='bbox 3508 4407 3658 4460; x_wconf 88' lang='lat' dir='ltr'>rem</span> 
     </span>
     <span class='ocr_line' id='line_1_32' title="bbox 614 4500 3656 4603; baseline 0 -26"><span class='ocrx_word' id='word_1_339' title='bbox 614 4525 829 4601; x_wconf 91' lang='lat' dir='ltr'>quam</span> <span class='ocrx_word' id='word_1_340' title='bbox 878 4500 1229 4601; x_wconf 86' lang='lat' dir='ltr'>explorare</span> <span class='ocrx_word' id='word_1_341' title='bbox 1280 4502 1665 4580; x_wconf 86' lang='lat' dir='ltr'>studemus.</span> <span class='ocrx_word' id='word_1_342' title='bbox 1762 4505 2028 4594; x_wconf 88' lang='lat' dir='ltr'>Quodsi</span> <span class='ocrx_word' id='word_1_343' title='bbox 2073 4505 2472 4603; x_wconf 86' lang='lat' dir='ltr'>philosophi</span> <span class='ocrx_word' id='word_1_344' title='bbox 2518 4505 2738 4582; x_wconf 87' lang='lat' dir='ltr'>nostri</span> <span class='ocrx_word' id='word_1_345' title='bbox 2779 4506 2990 4580; x_wconf 90' lang='lat' dir='ltr'>latius</span> <span class='ocrx_word' id='word_1_346' title='bbox 3039 4505 3418 4582; x_wconf 80' lang='lat' dir='ltr'>extendant</span> <span class='ocrx_word' id='word_1_347' title='bbox 3465 4503 3656 4578; x_wconf 90' lang='lat' dir='ltr'>illam</span> 
     </span>
     <span class='ocr_line' id='line_1_33' title="bbox 610 4621 3654 4723; baseline 0 -25"><span class='ocrx_word' id='word_1_348' title='bbox 610 4622 1161 4712; x_wconf 85' lang='lat' dir='ltr'>conclusionem,</span> <span class='ocrx_word' id='word_1_349' title='bbox 1230 4621 1599 4697; x_wconf 90' lang='lat' dir='ltr'>discedunt</span> <span class='ocrx_word' id='word_1_350' title='bbox 1670 4623 1759 4698; x_wconf 92' lang='lat' dir='ltr'>de</span> <span class='ocrx_word' id='word_1_351' title='bbox 1818 4625 2239 4723; x_wconf 86' lang='lat' dir='ltr'>experientia</span> <span class='ocrx_word' id='word_1_352' title='bbox 2256 4680 2277 4710; x_wconf 89' lang='lat'>,</span> <span class='ocrx_word' id='word_1_353' title='bbox 2324 4667 2427 4684; x_wconf 91' lang='lat'><em>-</em></span> <span class='ocrx_word' id='word_1_354' title='bbox 2473 4624 2662 4722; x_wconf 89' lang='lat' dir='ltr'>quod</span> <span class='ocrx_word' id='word_1_355' title='bbox 2727 4626 2788 4698; x_wconf 89' lang='lat' dir='ltr'>si</span> <span class='ocrx_word' id='word_1_356' title='bbox 2844 4624 3136 4712; x_wconf 87' lang='lat' dir='ltr'>faciant,</span> <span class='ocrx_word' id='word_1_357' title='bbox 3188 4623 3296 4697; x_wconf 91' lang='lat' dir='ltr'>uti</span> <span class='ocrx_word' id='word_1_358' title='bbox 3351 4623 3654 4714; x_wconf 83' lang='lat' dir='ltr'>faciunt,</span> 
     </span>
     <span class='ocr_line' id='line_1_34' title="bbox 614 4729 3656 4846; baseline 0.001 -28"><span class='ocrx_word' id='word_1_359' title='bbox 614 4767 943 4843; x_wconf 90' lang='lat' dir='ltr'>quaerere</span> <span class='ocrx_word' id='word_1_360' title='bbox 1000 4743 1196 4833; x_wconf 91' lang='lat' dir='ltr'>licet,</span> <span class='ocrx_word' id='word_1_361' title='bbox 1249 4767 1423 4818; x_wconf 89' lang='lat' dir='ltr'>num</span> <span class='ocrx_word' id='word_1_362' title='bbox 1450 4743 1651 4819; x_wconf 88' lang='lat' dir='ltr'>nobis</span> <span class='ocrx_word' id='word_1_363' title='bbox 1694 4749 2201 4843; x_wconf 86' lang='lat' dir='ltr'>repraesentare</span> <span class='ocrx_word' id='word_1_364' title='bbox 2243 4742 2596 4834; x_wconf 81' lang='lat' dir='ltr'>valeamus</span> <span class='ocrx_word' id='word_1_365' title='bbox 2639 4744 2998 4821; x_wconf 88' lang='lat' dir='ltr'>materiem</span> <span class='ocrx_word' id='word_1_366' title='bbox 3025 4744 3322 4846; x_wconf 82' lang='lat' dir='ltr'>propriis</span> <span class='ocrx_word' id='word_1_367' title='bbox 3369 4729 3656 4822; x_wconf 83' lang='lat' dir='ltr'>faculta-</span> 
     </span>
    </p>
   </div>
   <div class='ocr_carea' id='block_1_5' title="bbox 616 4849 3655 5061">
    <p class='ocr_par' dir='ltr' id='par_1_5' title="bbox 616 4849 3655 5061">
     <span class='ocr_line' id='line_1_35' title="bbox 616 4849 3655 4968; baseline 0.002 -31"><span class='ocrx_word' id='word_1_368' title='bbox 616 4863 809 4941; x_wconf 81' lang='lat' dir='ltr'>tibus</span> <span class='ocrx_word' id='word_1_369' title='bbox 863 4863 1249 4965; x_wconf 86' lang='lat' dir='ltr'>praeditam</span> <span class='ocrx_word' id='word_1_370' title='bbox 1302 4871 1373 4941; x_wconf 89' lang='lat' dir='ltr'>et</span> <span class='ocrx_word' id='word_1_371' title='bbox 1418 4863 1799 4944; x_wconf 87' lang='lat' dir='ltr'>inanimam</span> <span class='ocrx_word' id='word_1_372' title='bbox 1818 4921 1839 4956; x_wconf 91' lang='lat'><em>,</em></span> <span class='ocrx_word' id='word_1_373' title='bbox 1884 4861 2021 4942; x_wconf 87' lang='lat' dir='ltr'>nisi</span> <span class='ocrx_word' id='word_1_374' title='bbox 2068 4885 2508 4942; x_wconf 86' lang='lat' dir='ltr'>assumamus</span> <span class='ocrx_word' id='word_1_375' title='bbox 2556 4849 2970 4965; x_wconf 68' lang='lat' dir='ltr'>potestatem</span> <span class='ocrx_word' id='word_1_376' title='bbox 3019 4891 3228 4967; x_wconf 89' lang='lat' dir='ltr'>supra</span> <span class='ocrx_word' id='word_1_377' title='bbox 3279 4889 3432 4944; x_wconf 90' lang='lat' dir='ltr'>eam</span> <span class='ocrx_word' id='word_1_378' title='bbox 3473 4855 3655 4968; x_wconf 79' lang='lat' dir='ltr'>posi-</span> 
     </span>
     <span class='ocr_line' id='line_1_36' title="bbox 2923 4987 3076 5061; baseline -0.007 0"><span class='ocrx_word' id='word_1_379' title='bbox 2923 4989 3016 5061; x_wconf 77' lang='lat'>21</span> <span class='ocrx_word' id='word_1_380' title='bbox 3035 4987 3076 5032; x_wconf 69' lang='lat'>⁴⁸</span> 
     </span>
    </p>
   </div>
  </div>
 </body>
</html>
