4934 6184
1363 674 1450 742 52
2552 675 2610 744 J.
2678 675 3191 746 J.1³R1Ns

1362 903 1488 980 per
1549 887 1780 980 partes
1843 904 2182 982 exponere
2229 881 2519 984 eiusque
2566 891 2641 960 et
2692 885 2999 960 divinam
3044 883 3381 984 originem
3424 887 3497 956 et
3544 877 3924 956 maximam
3970 878 4181 955 etiam
4242 903 4397 980 gra·

1365 1000 1648 1076 vitatem
1689 1001 2043 1077 evidenter
2087 1003 2488 1078 collustrare
2530 1004 2663 1079 sibi
2715 1004 2926 1080 habet
2968 1004 3419 1104 propositum.
3494 999 3777 1080 Quibus
3824 999 4124 1100 denique
4174 999 4400 1074 Theo-

1363 1121 1588 1221 logiae
1659 1122 1926 1198 accedit
1987 1147 2147 1224 pars
2209 1123 2365 1211 illa,
2433 1149 2645 1223 quam
2706 1124 2847 1200 iam
2899 1123 3386 1224 descripsimus
3405 1180 3425 1210 ‚
3496 1121 3833 1220 practica,
3888 1143 4067 1219 quae
4118 1120 4393 1196 doctam

1361 1241 1644 1316 omnino
1693 1250 1764 1316 et
1803 1242 2284 1341 philosopham
2333 1242 2641 1318 muneris
2689 1243 2880 1318 Sacri
2924 1244 3213 1343 eiusque
3260 1240 3641 1316 officiorum
3688 1238 4187 1340 expositionem
4228 1262 4389 1314 con·

1363 1360 1542 1434 tinet
1562 1419 1582 1448 ,
1643 1360 1736 1436 ad
1781 1361 2218 1462 disciplinae,
2280 1362 2553 1461 proprie
2600 1362 2698 1437 sic
2740 1361 2965 1438 dictae
2986 1419 3007 1451 ,
3058 1385 3373 1438 normam
3422 1360 3637 1459 probe
3682 1367 4015 1434 exactam.
4118 1357 4391 1432 Videtis

1359 1481 1580 1580 igitur
1598 1539 1618 1570 ‚
1691 1471 1834 1580 quo
1917 1483 2068 1556 iure
2152 1480 2356 1557 docta
2434 1489 2714 1558 vocetur
2735 1541 2755 1570 ,
2832 1483 2975 1560 imo
3048 1481 3447 1558 doctissima
3514 1478 3933 1556 Academica
4005 1477 4391 1552 institutio!

1373 1599 1614 1680 „Quid
1674 1624 1835 1675 vero
1857 1600 1924 1690 ,’'
1993 1601 2094 1676 ita
2149 1599 2325 1676 forte
2373 1601 2531 1700 quis
2584 1601 2757 1676 mihi
2799 1601 3078 1677 obiiciat
3096 1660 3116 1691 ‚
3180 1601 3391 1676 nhaoc
3443 1601 3679 1675 omnia
3698 1658 3719 1688 ,
3769 1623 3951 1699 quae
3994 1621 4357 1672 enumeras
4374 1653 4396 1686 ,

1377 1719 1594 1819 aquid
1658 1719 1750 1796 ad
1814 1744 2075 1799 munus
2145 1720 2432 1794 Sacrum
2494 1720 2625 1794 rite
2684 1723 3215 1824 peragendum}>
3292 1722 3557 1810 Nocet,
3607 1727 3686 1795 ut
3734 1719 3810 1794 in
3858 1715 4221 1816 proverbio
4263 1701 4419 1805 est,=

1380 1863 1636 1916 nomne
1697 1839 2013 1915 nimium.
2135 1841 2266 1914 Est
2337 1839 2591 1916 modus
2652 1841 2726 1915 in
2800 1841 3009 1918 rebus
3027 1901 3048 1931 ‚
3120 1867 3349 1942 neque
3413 1837 3647 1915 omnia
3705 1862 4077 1938 possumus
4142 1860 4402 1911 omnes.

1380 1961 1604 2066 nIam·
1635 1958 1761 2034 ubi
1802 1960 2004 2057 pueri
2051 1965 2326 2034 tantum
2371 1959 2773 2059 indoctique
2818 1962 3133 2037 homines
3178 1959 3593 2036 instituendi
3634 1965 3802 2033 sunt
3850 1969 3924 2034 et
3974 1963 4407 2056 aegrotantes

1382 2110 1417 2148 n
1427 2104 1548 2178 spe
1603 2079 1825 2153 futuri
1879 2078 2192 2178 erigendi
2237 2086 2450 2178 atque
2502 2105 2614 2154 res
2658 2081 3053 2158 Christiana
3071 2141 3091 2170 ‚
3156 2081 3646 2182 Apostolorum
3696 2103 3887 2154 more
3907 2136 3927 2166 ,
3988 2077 4079 2152 ad
4126 2082 4409 2175 captum

1381 2230 1418 2270 n
1431 2197 1621 2298 vulgi
1665 2199 1925 2274 scilicet
1943 2257 1962 2288 ‚
2013 2197 2422 2300 exponenda
2465 2206 2537 2272 et
2584 2201 3132 2278 commendanda
3172 2209 3279 2277 est
3297 2259 3319 2290 ,
3370 2201 3663 2298 simplex
3704 2198 3957 2272 sufficit
4000 2203 4073 2270 et
4120 2183 4407 2296 populass

1383 2319 1520 2392 nris
1540 2377 1561 2407 ‚
1588 2343 1824 2418 *quam
1865 2326 2152 2408 vocant,
2203 2318 2553 2394 doctrinae
2604 2321 2953 2420 religionis
2994 2322 3317 2421 cognitio.
3418 2321 3531 2395 Tu
3578 2318 3795 2419 igitur
3815 2377 3836 2407 ,
3884 2343 3930 2392 o
3978 2315 4198 2392 bone!
4252 2316 4409 2389 doc-

1381 2439 1599 2514 vtiora
1649 2439 1770 2514 illa
1819 2438 2188 2538 Theologis
2231 2439 2585 2539 relinquas
2607 2499 2627 2528 ‚
2678 2465 2767 2516 ne
2818 2466 2977 2517 vero
3018 2442 3292 2518 futuros
3335 2441 3583 2516 doceas
3626 2441 3991 2514 Sacrorum
4030 2435 4375 2512 antistites
4390 2491 4409 2521 ,

1381 2559 1686 2659 uquippe
1735 2559 2158 2634 abstrusiora
2213 2566 2284 2633 et
2347 2559 2525 2636 nihil
2584 2561 2678 2636 ad
2731 2562 2943 2638 vitam
2991 2561 3419 2638 afferentia.”
3516 2559 3773 2635 Audio.
3846 2559 4097 2655 Neque
4140 2577 4305 2628 sane
4348 2552 4412 2626 is

1375 2703 1506 2778 ego
1547 2702 1705 2754 sum
1731 2738 1751 2769 ‚
1803 2679 1925 2778 qui
1967 2679 2412 2779 Theologiam
2435 2738 2454 2768 ,
2524 2681 2845 2757 strictiori
2896 2707 3105 2758 sensu
3144 2683 3244 2756 ita
3282 2681 3539 2756 dictam
3559 2737 3579 2768 ‚
3630 2703 3859 2754 coram
3906 2674 4230 2751 concione
4271 2679 4411 2745 tra-

1375 2797 1680 2872 denda-m
1743 2813 1816 2872 et
1881 2799 2374 2875 controversias
2421 2800 2861 2878 scholasticas
2898 2801 3089 2904 apud
3136 2801 3497 2878 indoctum
3545 2799 3799 2898 vulgus
3846 2793 4221 2872 movendas
4262 2813 4413 2864 esse

1369 2926 1644 3016 putem.
1738 2918 1896 2993 Imo
1959 2918 2098 2994 dici
2159 2918 2276 2993 vix
2341 2928 2610 3019 potest,
2671 2929 2841 3020 quot
2901 2929 3303 3020 quantaque
3369 2920 3489 2995 illa
3545 2917 3958 3017 Theologiae
4000 2937 4168 2990 cum
4217 2913 4371 3011 ipsa
4385 2966 4407 2999 ,

1373 3055 1586 3136 qua'm
1657 3044 1908 3113 tractat
1927 3095 1950 3125 ,
2019 3037 2351 3136 religione
2419 3041 2837 3138 permutatio
2892 3041 2969 3116 in
3026 3065 3175 3134 rem
3228 3039 3695 3116 Christianam
3762 3038 4019 3112 damna
4076 3029 4407 3109 intulerit.

1374 3155 1515 3230 Sed
1569 3155 1756 3230 idem
1824 3155 1954 3230 hoc
2011 3155 2186 3230 mihi
2233 3158 2841 3255 persuasissimum
2886 3159 3109 3236 habeo
3128 3219 3148 3250 ‚
3212 3161 3305 3236 ad
3356 3160 3524 3235 haec
3574 3159 3716 3238 duo
3734 3216 3756 3247 ,
3806 3180 3987 3256 quae
4030 3161 4179 3229 toto
4223 3150 4411 3226 coelo

1373 3275 1677 3363 distant,
1726 3274 1942 3373 probe
1991 3274 2484 3374 distinguenda
2530 3285 2742 3376 atque
2785 3279 2877 3354 ad
2918 3305 3065 3356 rem
3108 3279 3573 3356 Christianam
3617 3279 3861 3378 quovis
3898 3273 4168 3350 meliori
4202 3270 4409 3346 modo

1373 3391 1908 3490 promovendam
1960 3392 2138 3468 bene
2180 3395 2555 3472 instructos
2604 3406 2675 3472 et
2714 3397 3123 3499 Theologice
3162 3399 3471 3474 eruditos
3518 3398 3775 3498 requiri
3815 3396 4131 3472 doctores
4174 3391 4409 3466 Eccle-

1345 3511 1715 3588 =siasticos.
1813 3513 2038 3588 Docet
2079 3537 2190 3588 res
2239 3515 2392 3615 ipsa
2408 3574 2431 3607 ,
2479 3517 2591 3592 vel
2629 3543 2739 3592 me
2788 3526 3059 3596 tacente
3076 3578 3098 3609 ‚
3148 3520 3317 3594 haec
3371 3526 3645 3594 tantum
3688 3516 3919 3593 doceri
3966 3521 4039 3590 et
4084 3537 4211 3612 pro
4244 3533 4406 3586 con-

1375 3631 1572 3706 cione
1623 3631 1895 3730 copiose
1956 3633 2235 3708 tractari
2295 3641 2368 3709 et
2421 3636 2514 3711 ad
2578 3661 2857 3714 omnem
2911 3638 3273 3714 hominum
3324 3645 3853 3738 temporumque
3899 3634 4241 3710 rationem
4284 3653 4364 3704 ea
4384 3685 4407 3718 ,

1377 3775 1518 3849 qua
1571 3774 1698 3849 par
1751 3757 1860 3826 est
1879 3809 1902 3840 ,
1967 3753 2337 3851 prudentia
2383 3758 2885 3834 accommodari
2926 3782 3129 3857 posse
3146 3815 3168 3848 ,
3218 3783 3398 3857 quae
3447 3757 3605 3856 quis
3658 3755 3792 3831 sibi
3839 3753 3931 3830 ab
3974 3753 4170 3828 omni
4215 3757 4407 3849 parte

1373 3877 1734 3969 perspecta
1789 3870 2041 3947 habeat
2094 3882 2164 3947 et
2219 3873 2370 3975 ipse
2428 3878 2909 3975 pertractando
2972 3903 3207 3954 revera
3270 3901 3397 3952 sua
3448 3876 3705 3951 fecerit.
3814 3876 4143 3950 Testatur
4198 3870 4411 3944 etiam

1375 3988 1604 4062 omnis
1659 3989 1811 4064 aevi
1868 3991 2152 4068 historia
2169 4051 2192 4081 ‚
2249 4019 2430 4094 quae
2494 3997 2797 4072 veritatis
2843 3997 3040 4072 testis
3089 3996 3229 4072 dici
3274 3989 3633 4072 consuevit·
3647 4054 3670 4084 ‚
3738 4017 3880 4094 quo
3930 4002 4243 4091 tempore
4290 4011 4406 4062 ne-

1376 4105 1608 4204 glecta
1648 4107 1870 4182 iaceat
1911 4110 2284 4220 Theologia
2303 4171 2324 4203 ,
2373 4115 2619 4190 eodem
2666 4115 3109 4216 languescere
3152 4142 3233 4194 ac
3277 4115 3488 4192 veluti
3528 4121 3799 4214 torpore
3846 4108 4162 4188 hebetari
4198 4108 4407 4181 vitam

1374 4224 1448 4298 in
1501 4224 1813 4301 Ecclesia
1865 4252 2022 4302 vere
2065 4230 2536 4308 Christianam
2560 4291 2581 4321 ‚
2630 4243 2869 4308 contra
2906 4258 3063 4309 vero
3082 4293 3103 4326 ,
3152 4259 3235 4309 ea
3280 4235 3511 4308 denuo
3552 4231 3739 4308 culta
3784 4237 3995 4330 atque
4040 4232 4367 4304 exornata
4384 4281 4406 4310 ‚

1371 4343 1778 4443 religionem
1816 4346 2028 4422 etiam
2069 4348 2291 4449 ipsam
2335 4349 2733 4426 effloruisse.
2833 4353 2930 4426 Et
2962 4360 3199 4430 nostra
3240 4354 3525 4453 quidem
3564 4359 3876 4452 tempora
3914 4355 4185 4424 tantam
4221 4353 4403 4419 attu-

1371 4464 1604 4539 lerunt
1645 4462 1734 4538 de
1777 4465 1988 4541 rebus
2001 4524 2024 4557 ,
2073 4467 2164 4543 ad
2211 4469 2614 4568 religionem
2656 4469 3163 4568 pertinentibus
3177 4531 3197 4561 ‚
3246 4471 3653 4571 opinionum
3690 4468 4160 4546 diversitatem
4184 4523 4205 4553 ‚
4255 4471 4405 4535 tan·

1373 4591 1620 4680 tasque
1683 4595 2098 4685 pepererunt
2157 4588 2340 4662 inter
2377 4600 2611 4688 partes
2653 4589 2873 4666 varias
2888 4647 2909 4680 ,
2974 4592 3047 4666 in
3099 4615 3274 4690 quas
3322 4591 3541 4666 divisa
3582 4598 3689 4666 est
3736 4597 3809 4666 et
3852 4587 4224 4662 dilacerata
4266 4603 4410 4654 una

1373 4700 1689 4778 Cnms'rr
1761 4706 2046 4783 ecclesia
2061 4765 2084 4798 ,
2155 4708 2340 4784 rixas
2411 4708 3023 4810 altercationesque
3044 4769 3066 4800 ‚
3138 4723 3424 4810 tamque
3492 4710 3971 4786 vehementem
4044 4703 4411 4805 patiuntur

1373 4819 1920 4898 adversariorum
1975 4827 2444 4923 quorumlibet
2494 4827 2569 4904 in
2626 4853 2770 4906 rem
2818 4831 3283 4907 Christianam
3324 4831 3665 4930 impetum
3682 4887 3704 4922 ,
3754 4835 3839 4904 ut
3878 4823 4229 4904 antistites
4274 4817 4413 4895 sibi
