4934 6184
1367 677 1454 742 44
2548 670 3187 740 J.J.PR1NS

1365 880 1650 983 publica
1689 877 2059 955 institutio.
2159 875 2300 952 Sed
2339 877 2530 952 idem
2572 877 2867 952 fidenter
2908 878 3243 952 affirmare
3284 875 3512 950 ausim
3530 933 3553 964 ,
3612 875 3688 950 in
3744 873 3981 950 futuro
4024 875 4386 950 Sacrorum

1367 998 1677 1076 antistite
1746 998 1950 1098 longe
2011 995 2214 1096 plura
2285 1002 2358 1070 et
2422 1019 2703 1095 prorsus
2768 996 2905 1072 alia
2964 995 3175 1072 etiam
3236 994 3495 1094 requiri
3511 1052 3534 1083 ,
3596 1019 3809 1091 quam
3856 1019 4038 1096 quae
4084 994 4217 1070 sibi
4266 1019 4389 1092 per

1364 1118 1698 1194 librorum
1761 1139 1969 1190 usum
2033 1137 2274 1214 parare
2332 1115 2554 1214 possit
2608 1114 3023 1216 Theologiae
3086 1114 3461 1190 studiosus.
3558 1113 3670 1188 De
3718 1114 3977 1212 quibus
4018 1115 4079 1188 si
4120 1138 4235 1188 me
4280 1115 4387 1188 in-

1367 1235 1872 1336 terrogaveritis
1887 1292 1910 1323 ,
1975 1233 2199 1308 habeo
2261 1233 2452 1331 quod
2508 1233 2984 1332 respondeam.
3085 1236 3173 1310 In
3231 1258 3314 1309 eo
3356 1234 3545 1310 enim
3586 1257 3727 1310 non
3776 1233 4125 1309 doetrinae
4172 1233 4387 1308 veluti

1365 1357 1634 1456 farrago
1699 1352 2074 1453 requiritur
2095 1411 2116 1440 ‚
2181 1353 2647 1451 undecunque
2698 1354 2995 1428 conflata
3048 1361 3120 1428 et
3172 1359 3563 1430 coacervata
3582 1411 3603 1441 ,
3670 1354 3797 1428 sed
3846 1353 3995 1452 ipse
4040 1352 4385 1427 doctrinae
4530 1364 4543 1372 ’

1365 1499 1498 1574 ope
1535 1473 1950 1548 excolendus
1995 1477 2104 1544 est
2149 1479 2222 1545 et
2261 1471 2462 1570 quasi
2504 1471 2917 1547 nutriendus
2964 1471 3177 1548 homo
3226 1472 3379 1546 eius
3420 1472 3727 1549 interior.
3825 1470 4241 1547 Acuendum
4282 1480 4387 1546 est

1367 1593 1729 1693 ingenium
1791 1599 1863 1664 et
1926 1613 2127 1664 mens
2171 1589 2639 1665 collustranda
2696 1597 2770 1664 et
2824 1615 2991 1666 vero
3034 1591 3245 1667 etiam
3286 1590 3825 1667 commovendus
3868 1581 4143 1666 animus
4184 1597 4389 1686 atque

1367 1715 1470 1788 ita
1537 1708 1899 1810 dirigenda
1972 1718 2044 1783 et
2110 1708 2201 1784 ad
2265 1731 2470 1784 omne
2490 1768 2511 1797 ,
2578 1709 2770 1808 quod
2820 1711 3137 1808 pulcrum
3154 1768 3177 1799 ,
3244 1710 3511 1786 bonum
3568 1733 3945 1808 verumque
4000 1715 4109 1783 est
4124 1767 4144 1796 ,
4205 1707 4391 1782 omni

1373 1831 1623 1908 virium
1697 1828 2080 1904 intentione
2159 1827 2567 1904 sectandum
2630 1829 2969 1905 flectenda
3032 1830 3351 1905 voluntas
3365 1889 3388 1920 ,
3458 1837 3543 1906 ut
3560 1811 3605 1917 ,⁶
3654 1829 3933 1928 penitus
3998 1828 4147 1927 ipse
4204 1827 4391 1901 intus

1375 1950 1692 2026 excultus
1735 1955 1808 2023 et
1845 1947 2256 2022 informatus
2270 2004 2291 2034 ‚
2342 1946 2551 2023 homo
2596 1947 2879 2024 tandem
2918 1949 3251 2026 reddatur
3292 1973 3447 2025 vere
3492 1948 3841 2023 humanus
3878 1947 4205 2045 idemque
4244 1969 4393 2018 vere

1373 2068 1834 2144 Christianus,
1932 2065 2132 2142 Haec
2180 2071 2418 2139 autem
2462 2064 2605 2138 veri
2652 2064 2953 2140 nominis
2992 2066 3341 2142 institutio
3384 2067 3527 2140 sive
3544 2123 3565 2153 ‚
3632 2074 3712 2139 ut
3756 2063 3945 2164 apud
3992 2065 4393 2138 Pus-onim

1381 2189 1638 2263 dicitur
1654 2245 1675 2274 ,
1725 2189 1964 2287 τροφὴ
2011 2188 2152 2262 καὶ
2197 2182 2519 2261 παιδεία
2570 2185 2919 2260 doctorem
2961 2185 3250 2285 requirit
3286 2184 3783 2284 peritissimum
3826 2209 3905 2258 ac
3946 2183 4353 2282 prudentem
4372 2241 4392 2270 ‚
4504 2204 4509 2212 ·

1375 2309 1500 2409 qui
1545 2307 1802 2381 tirones
1821 2363 1843 2394 ,
1893 2329 2022 2380 suo
2061 2304 2397 2402 cuiusque
2443 2303 2933 2379 convenienter
2970 2301 3256 2404 ingenio
3276 2363 3297 2394 ,
3345 2303 3648 2404 benigne
3688 2301 3984 2402 excipiat
4018 2303 4394 2400 doceatque

1373 2436 1445 2502 et
1488 2426 1798 2502 doctrina
1817 2483 1837 2512 ‚
1885 2423 2168 2500 monitis
2189 2481 2210 2512 ,
2257 2423 2759 2498 consuetudine
2776 2481 2799 2512 ,
2848 2425 3163 2524 exemplo
3210 2423 3407 2499 illum
3456 2423 3625 2499 boni
3670 2422 3947 2520 verique
3990 2422 4393 2520 flagrantem

1369 2569 1672 2622 amorem
1722 2543 2172 2640 studiumque
2219 2541 2647 2617 indefessum
2690 2541 2766 2616 in
2807 2542 3299 2642 discipulorum
3342 2543 3593 2626 animis
3636 2543 3889 2618 excitet
3926 2541 4203 2638 alatque
4242 2564 4390 2638 per-

1369 2675 1604 2765 petuo.
1703 2663 1944 2738 Talem
2019 2686 2178 2737 vero
2247 2661 2322 2735 in
2389 2685 2509 2736 eos
2579 2659 2721 2736 vim
2780 2661 3317 2738 efficacissimam
3381 2661 3635 2738 habere
3688 2685 3889 2760 posse
3940 2660 4151 2735 libros
4202 2660 4356 2733 illos
4372 2718 4392 2746 ‚

1373 2783 1630 2882 quibus
1678 2789 2016 2880 tanquam
2060 2780 2388 2856 inanimis
2431 2787 2506 2854 et
2542 2780 2757 2856 mutis
2801 2787 3099 2856 utuntur
3140 2781 3493 2882 magistris
3512 2837 3533 2870 ‚
3581 2781 3755 2856 mihi
3798 2805 3962 2856 sane
3984 2836 4004 2869 ,
4052 2778 4396 2878 quidquid

1372 2902 1508 2978 sibi
1557 2900 1978 3000 persuadent
2019 2899 2136 2976 alii
2153 2957 2176 2989 ,
2225 2923 2507 2998 prorsus
2552 2897 2952 2976 iamdibile
3002 2909 3131 2976 est.
3232 2903 3395 2981 Qua
3446 2901 3535 2977 de
3580 2925 3655 2976 re
3702 2924 3979 2976 mecum
4024 2898 4395 2974 sentientes

1366 3021 1560 3097 haud
1617 3021 1823 3120 pauci
1886 3020 1962 3093 in
2035 3019 2270 3094 omnia
2331 3018 2670 3094 contraria
2729 3026 2965 3094 ruunt.
3062 3019 3344 3095 Scholas
3390 3020 3783 3104 condendas
3831 3043 3981 3095 esse
4034 3017 4390 3093 clamitant

1371 3148 1444 3214 et
1513 3139 1883 3238 aperienda
1947 3138 2347 3238 angustiora
2367 3196 2387 3227 ,
2457 3162 2638 3235 quae
2696 3137 3059 3227 dicuntur,
3122 3139 3487 3215 seminaria
3505 3199 3526 3230 ,
3594 3139 3720 3214 ubi
3768 3163 3911 3215 una
3952 3138 4256 3212 viventes
4304 3137 4395 3210 ad

1371 3266 1639 3333 certum
1703 3257 2206 3356 definitumque
2270 3257 2559 3331 modum
2624 3255 3027 3332 erudiantur
3084 3266 3156 3333 et
3214 3267 3659 3336 exerceantur
3707 3259 4023 3360 generosi
4068 3257 4347 3331 iuvenes
4372 3313 4391 3342 ‚

1373 3377 1466 3454 ad
1511 3379 1772 3454 mustus
1826 3379 2114 3453 Sacrum
2171 3375 2535 3464 destinati3
2594 3375 2763 3450 haec
2813 3384 3047 3452 autem
3096 3378 3461 3454 seminaria
3502 3380 3601 3456 ita
3652 3404 3802 3454 esse
3845 3377 4264 3464 ordinanda,
4316 3385 4395 3448 ut

1369 3521 1460 3570 ne
1533 3522 1578 3571 a
1638 3503 1825 3572 recto
1889 3496 2166 3570 tramite
2244 3495 2354 3571 vel
2423 3496 2645 3569 latum
2704 3519 3015 3595 unguem
3079 3497 3449 3574 deflectant
3508 3499 3842 3588 studiosi,
3908 3521 4184 3573 summa
4230 3519 4393 3570 cura

1373 3623 1730 3704 caveatur3
1797 3622 2158 3715 propterea
2218 3638 2495 3714 quoque
2550 3613 2743 3688 haud
2798 3613 3003 3690 aliam
3026 3674 3047 3703 ‚
3095 3639 3307 3714 quam
3358 3641 3537 3716 quae
3579 3617 3671 3693 ad
3720 3617 4187 3716 symbolorum
4237 3639 4391 3690 nor-

1374 3759 1565 3812 mam
1632 3733 2001 3834 diligenter
2062 3744 2300 3809 exacta
2363 3742 2441 3807 ‘et
2494 3732 2841 3809 Ecclesiae
2887 3735 3291 3810 auctoritate
3337 3736 3599 3833 sancita
3646 3736 3741 3810 sit
3758 3796 3779 3825 ,
3836 3736 3941 3812 ibi
3984 3734 4390 3811 tradendam

1373 3863 1445 3929 et
1509 3853 1652 3928 fere
1705 3877 1944 3928 eorum
2007 3853 2256 3928 animis
2317 3852 2845 3952 insculpendam
2896 3877 3047 3930 esse
3095 3854 3476 3956 doctrinam
3522 3855 4043 3955 Theologicam;
4106 3853 4275 3953 quin
4318 3862 4391 3927 et

1379 3973 1635 4048 strictis
1669 3972 1924 4071 agendi
1966 3972 2375 4071 vivendique
2410 3972 2668 4073 regulis
2702 3972 3147 4050 observandis
3182 3975 3767 4052 assuefaciendam
3808 4000 3958 4051 esse
4002 3974 4391 4073 imperitam

1374 4100 1446 4166 et
1515 4091 1944 4166 temerariam
2007 4115 2247 4166 eorum
2315 4093 2751 4168 iuventutem
2802 4100 2875 4168 et
2926 4117 3159 4169 severa
3202 4119 3477 4170 morum
3536 4094 3896 4194 disciplina
3943 4094 4385 4170 coercendam

1376 4235 1526 4288 esse
1599 4211 1750 4284 eius
1825 4209 2282 4308 petulantiam
2353 4217 2565 4307 atque
2628 4211 2727 4286 ita
2785 4212 3132 4288 domanda
3188 4213 3404 4289 libera
3465 4237 3705 4289 eorum
3752 4211 4055 4312 ingenia.
4156 4214 4387 4292 Quam

1375 4330 1662 4431 quidem
1715 4329 2112 4429 opinionem
2159 4353 2247 4402 ne
2289 4328 2448 4426 quis
2489 4328 2715 4403 verbis
2758 4355 2803 4404 a
2842 4353 2956 4405 me
3000 4331 3399 4431 exaggerari
3438 4339 3673 4431 putet,
3721 4333 3768 4406 J
3785 4357 3824 4407 e
3842 4331 4137 4407 suitas
4176 4339 4391 4406 testor

1372 4453 1680 4549 aliosque
1748 4448 1836 4523 iis
1900 4448 2092 4523 haud
2165 4445 2532 4521 dissimiles
2598 4446 2943 4524 Ecclesiae
3020 4450 3764 4527 Romano-Catholicae
3840 4451 4151 4528 doctores
4166 4509 4187 4538 ,
4266 4450 4391 4548 qui

1367 4595 1622 4669 magna
1688 4569 1974 4669 quidem
2027 4565 2434 4644 eruditionis
2480 4567 2659 4642 mole
2706 4569 3020 4645 refercire
3065 4571 3290 4647 solent
3334 4570 3826 4669 discipulorum
3874 4570 4277 4646 memoriam
4318 4579 4389 4644 et

1369 4688 1794 4764 intellectum
1810 4747 1831 4778 ,
1903 4696 1976 4764 at
2043 4689 2256 4762 simul
2301 4687 2664 4789 ingenim
2712 4690 3115 4790 opprimunt
3172 4698 3277 4780 et,
3342 4691 3432 4766 de
3482 4715 3649 4766 cura
3702 4689 4092 4766 animorum
4143 4711 4391 4788 parum

1373 4806 1681 4895 solliciti,
1746 4807 1845 4883 ita
1909 4832 2026 4882 eos
2079 4809 2360 4907 fingunt
2407 4817 2479 4883 et
2520 4817 2872 4899 exercent,
2936 4819 3019 4887 ut
3064 4811 3257 4888 haud
3298 4835 3499 4888 secus
3535 4819 3747 4910 atque
3783 4810 4097 4886 iumenta
4136 4808 4232 4885 ad
4275 4831 4389 4882 ve-
