4934 6184
1399 695 1492 764 24
2486 671 3343 762 8.V1'SSER1NG

1499 903 1622 978 Ad
1667 902 1804 978 alia
1843 925 1958 976 me
2007 903 2206 974 vocat
2251 896 2462 972 huius
2508 897 2650 972 diei
2694 896 3065 972 solennitas
3110 902 3182 970 et
3225 893 3560 994 placitum
3608 891 3782 992 legis
3798 951 3819 981 ,
3870 918 4049 992 quae
4096 893 4431 994 praecipit

1399 1031 1485 1098 ut
1540 1047 1850 1098 enarrem
1914 1019 2125 1094 huius
2179 1023 2454 1091 nostrae
2500 1015 2919 1091 Academiae
2938 1071 2961 1106 ‚
3008 1039 3121 1088 me
3162 1014 3455 1090 Rectore
3501 1012 3883 1112 Magnifico
3902 1071 3923 1101 ,
3970 1012 4135 1089 fata.
4182 1055 4292 1086 0-.-
4340 1015 4427 1088 In

1401 1142 1658 1242 quibus
1675 1200 1698 1232 ,
1746 1148 1831 1216 ut
1877 1146 2043 1214 sunt
2077 1161 2190 1213 res
2227 1136 2573 1214 humanae
2591 1194 2612 1225 ,
2661 1135 2947 1210 adversa
2992 1135 3365 1211 commixta
3411 1133 3754 1235 prosperis
3802 1133 4016 1209 fuere.

1377 1414 1385 1422 ·
1495 1379 1982 1478 Amplissimos
2056 1376 2260 1450 Viros
2323 1375 2694 1449 Curatores
2752 1375 2973 1448 salvos
3024 1374 3387 1448 habemus.
3486 1373 3703 1452 Quod
3751 1373 4001 1448 eximie
4054 1371 4423 1461 laetamur,

1399 1524 1736 1576 memores
1755 1557 1775 1587 ,
1837 1498 1970 1573 hoc
2040 1521 2222 1571 anno
2290 1493 2709 1570 Academico
2771 1493 3057 1568 ineunte
3104 1493 3435 1568 nuntium
3486 1492 3579 1567 ad
3632 1516 3760 1566 nos
3805 1492 4195 1591 pervenisse
4218 1549 4241 1579 ,
4288 1493 4385 1567 Te
4404 1551 4424 1580 ,

1403 1619 1904 1720 spectatissime
1943 1639 2094 1690 van
2139 1617 2434 1691 wascx
2457 1671 2480 1704 ,
2527 1614 2722 1714 gravi
2768 1622 2839 1688 et
2876 1613 2993 1690 vix
3028 1613 3403 1713 superabili
3446 1613 3691 1687 morbo
3732 1613 4059 1688 laborare.
4159 1613 4428 1688 Placuit

1399 1741 1555 1814 Deo
1625 1737 1888 1837 optimo
1945 1735 2378 1810 carissimum
2441 1741 2652 1833 caput
2708 1758 2973 1808 servare
3036 1733 3335 1808 familiae
3358 1791 3377 1823 ‚
3442 1732 3832 1807 academiae
3852 1790 3871 1820 ,
3948 1733 4252 1829 patriae:
4302 1756 4427 1806 nec

1321 1877 1340 1888 ⁶
1401 1859 1636 1932 minus
1695 1855 2126 1955 gratulamur
2185 1853 2390 1927 nobis
2453 1853 2583 1926 hoc
2656 1853 2929 1952 insigne
2996 1853 3261 1928 bonum
3277 1912 3298 1942 ‚
3366 1851 3555 1952 quod
3614 1852 3725 1925 Tu
3747 1909 3769 1941 ‚
3838 1859 4208 1950 postquam
4270 1849 4428 1926 Tibi

1403 1977 1634 2051 visum
1696 1976 1946 2058 fuisset
1968 2034 1990 2063 ,
2056 1974 2236 2048 bene
2296 1997 2421 2071 per
2486 1973 2945 2072 quadraginta
3010 1980 3081 2047 et
3137 1973 3435 2072 amplius
3481 1996 3700 2047 annos
3751 1973 3840 2045 de
3886 1971 4109 2070 patria
4146 1971 4427 2059 meritc,

1263 2165 1276 2179 ,
1403 2096 1826 2172 vacationem
1874 2121 1917 2169 a
1955 2120 2030 2169 re
2078 2092 2357 2193 publica
2399 2100 2633 2192 petere
2668 2093 2765 2185 ⁰⁷)
2789 2151 2810 2181 ,
2861 2100 3095 2167 tamen
3136 2116 3275 2167 non
3322 2092 3721 2191 deposueris
3765 2099 4159 2182 nostrarum
4200 2115 4429 2166 rerum

1401 2240 1679 2304 curam,
1747 2225 1816 2289 et
1884 2214 2216 2288 dilectum
2283 2211 2444 2286 'ribi
2510 2212 2751 2285 multis
2815 2211 3215 2288 nominibus
3278 2212 3737 2286 Ultraiectum
3790 2211 4136 2310 migranS,
4197 2217 4431 2284 tamen

1399 2360 1542 2410 non
1610 2333 1974 2409 desisteres
2043 2333 2221 2406 hano
2284 2330 2833 2429 Lugdunensem
2888 2333 3343 2407 Academiam
3403 2331 3694 2429 antiquo
3758 2353 3991 2404 amore
4048 2329 4430 2428 complecti.

1399 2455 1658 2554 Accipe
1727 2478 1853 2552 pro
1912 2453 2042 2527 hoc
2105 2452 2256 2525 'ruo
2315 2451 2649 2526 beneficio
2716 2451 2899 2550 grati
2962 2453 3277 2528 omnium
3340 2451 3555 2528 animi
3614 2493 3711 2509 —
3764 2456 3843 2524 ιιι
3896 2450 4107 2525 etiam
4147 2474 4275 2549 pro
4322 2449 4433 2524 his

1401 2575 1722 2675 pollicear
1771 2615 1874 2632 -
1919 2571 2416 2648 testimonium.

1501 2816 1613 2890 Tu
1673 2838 1951 2913 quoque
2009 2812 2184 2888 mihi
2248 2811 2767 2910 compellandus
2828 2836 2903 2887 es
2926 2870 2948 2902 ‚
3012 2813 3473 2888 illustrissime
3518 2834 3668 2888 van
3720 2811 4069 2887 Lmauao
4122 2811 4428 2886 Surum.

1401 2935 1658 3009 Vereor
1718 2941 1801 3008 ut
1859 2920 2054 3008 Tuae
2117 2931 2495 3006 modestiae
2551 2930 2835 3030 gratum
2886 2932 3170 3022 faciam3
3219 2934 3381 3007 nolo
3430 2941 3665 3007 tamen
3710 2957 3851 3006 non
3903 2955 4433 3006 commemorare

1403 3055 1534 3128 hoc
1591 3054 1742 3128 loco
1762 3110 1783 3142 ,
1842 3052 2029 3150 Regi
2086 3059 2320 3123 nostro
2341 3107 2362 3137 ,
2431 3051 2698 3148 Magno
2744 3052 2932 3126 Duci
2972 3052 3359 3152 Luciburgi
3376 3111 3397 3141 ,
3462 3053 3688 3127 visum
3742 3077 3889 3126 esse
3910 3110 3929 3140 ,
3990 3053 4142 3125 Tua
4190 3052 4437 3124 merita
4544 3125 4555 3138 ,

1411 3171 1862 3272 amplioribus
1905 3171 2215 3244 Coronae
2256 3171 2612 3248 Querceae
2655 3168 3047 3268 insignibus
3091 3170 3407 3245 decorare
3426 3172 3550 3263 ⁰8).
3648 3171 3815 3250 Quo
3832 3230 3852 3260 ,
3905 3193 4113 3267 quam
4154 3178 4435 3268 gratum

1405 3293 1608 3369 nobis
1670 3291 1995 3366 omnibus
2057 3289 2267 3364 huius
2315 3288 2562 3389 oppidi
2606 3287 2873 3363 civibus
2923 3288 3158 3364 fecerit
3174 3348 3195 3378 ,
3243 3290 3359 3364 vix
3400 3299 3508 3364 est
3552 3297 3635 3364 ut
3689 3291 3915 3365 dicam
3938 3348 3959 3378 ,
4008 3289 4267 3388 quippe
4315 3289 4437 3387 qui

1408 3413 1508 3487 Te
1569 3413 1981 3512 suspicimus
2043 3417 2114 3485 et
2180 3408 2537 3508 diligimus
2604 3410 2829 3484 virum
2897 3411 3163 3485 bonum
3232 3416 3304 3485 et
3364 3410 3716 3508 integrum
3735 3467 3755 3500 ,
3825 3409 4205 3484 Consulem
4268 3415 4435 3482 stre-

1408 3557 1634 3606 nuum
1655 3590 1678 3621 ,
1746 3530 2205 3619 indefessum,
2282 3527 2628 3604 affabilem
2653 3587 2675 3619 ‚
2746 3527 2921 3602 nihil
2986 3527 3273 3602 moleste
3337 3527 3672 3602 ferentem
3690 3584 3712 3616 ‚
3783 3526 3909 3601 ubi
3959 3526 4067 3601 vel
4116 3525 4275 3600 urbi
4330 3526 4435 3599 vel

1405 3652 1654 3726 cuivis.
1687 3650 1944 3726 civium
2012 3651 2336 3750 prodesse
2399 3649 2644 3748 possis.
2744 3649 2843 3723 Te
2904 3647 3207 3723 Consule
3255 3648 3380 3722 diu
3424 3647 3696 3721 fruatur
3744 3645 3983 3722 civitas
4035 3645 4433 3733 Leidensis;

1405 3771 1504 3844 Te
1568 3771 1902 3846 Curatore
1966 3770 2366 3846 Academia.
2443 3813 2546 3827 —-
2599 3766 2703 3860 ,Et
2776 3767 2922 3842 Vos
2990 3792 3230 3844 omnes
3296 3767 3423 3840 diu
3480 3765 3862 3840 incolumes
3927 3765 4182 3839 habeat
4200 3822 4220 3852 ,
4284 3763 4435 3836 Viri

1405 3889 1856 3988 Amplissimi.
1957 3889 2237 3988 Pergite
2260 3946 2281 3978 ,
2349 3893 2436 3964 ιιι,
2474 3884 2700 3961 facitis
2722 3945 2743 3975 ,
2806 3911 2932 3960 nos
2980 3885 3455 3969 benevolentia
3495 3885 3745 3961 Vestra
3788 3886 4188 3985 complecti,
4248 3908 4433 3959 com·

1406 4009 1631 4082 modis
1689 4007 2106 4082 Academiae
2173 4006 2529 4106 providere
2547 4065 2568 4098 ,
2631 4030 2924 4106 eamque
2988 4004 3423 4082 ornatissima
3486 4006 3907 4107 supellectile
3971 4005 4313 4080 instruere
4366 4011 4435 4077 et

1403 4127 1838 4226 amplificare.
3744 4139 3759 4160 ‘

1499 4487 1720 4563 Haud
1783 4487 1948 4562 item
2017 4487 2323 4587 pepercit
2384 4487 2550 4563 huic
2621 4489 3021 4565 Clarissimo
3092 4489 3381 4579 Ordini,
3444 4511 3671 4586 neque
3725 4485 3899 4560 adeo
3950 4484 4051 4558 illi
4098 4483 4429 4556 iuvenum

1407 4609 1678 4681 florenti
1743 4631 2030 4683 coronae
2101 4607 2250 4684 dira
2317 4634 2547 4691 mors.
2652 4612 2713 4685 E
2790 4611 3375 4687 commilitonibus
3443 4630 3693 4682 unum
3727 4604 4242 4689 desideramuS,
4312 4599 4434 4674 sed

1404 4728 1604 4801 illum
1645 4727 1840 4801 fratri
1883 4727 2491 4819 coniunctissimo,
2556 4730 2838 4821 amicis,
2902 4733 3309 4831 aequalibus
3353 4736 3425 4804 et
3474 4724 4033 4828 praeceptoribus
4074 4719 4430 4796 dilectissi-
4549 4765 4559 4770 -

1381 4873 1601 4974 ’mum
1622 4905 1643 4938 ,
1679 4848 2092 4926 Amnum
2126 4849 2595 4928 Lnonsnnun
2627 4873 2779 4926 vm
2826 4850 3170 4942 Mmaor,
3209 4852 3269 4928 Ι.
3298 4850 3418 4940 0.,
3469 4848 3657 4924 lenta
3698 4845 3858 4921 tabe
3895 4843 4286 4922 confectum
4308 4841 4427 4931 ⁶⁹).
