4934 6184
1834 672 2395 741 ORATIO.
3545 671 3631 740 27

697 997 811 1074 Sic
831 1056 852 1087 ‚
874 997 965 1073 A.
988 995 1087 1073 H.
1106 1053 1128 1086 ,
1144 995 1327 1072 inter
1348 993 1689 1072 desideria
1713 1002 1785 1070 et
1813 1017 2153 1074 moerores
2182 996 2522 1074 habemus
2545 997 2756 1074 etiam
2781 992 3040 1093 quibus
3065 993 3379 1074 animum
3407 994 3626 1095 eriga-

598 1142 779 1194 mus.
830 1117 1202 1192 Caeterum
1236 1115 1418 1190 bona
1456 1115 1681 1192 multa
1717 1115 2072 1194 referenda
2112 1123 2504 1217 supersunt.
2568 1117 2752 1192 Nolo
2779 1115 2966 1194 enim
2993 1115 3124 1193 hoo
3147 1115 3262 1192 die
3285 1122 3470 1194 etex
3496 1114 3627 1194 hoo

595 1237 745 1312 loco
775 1235 1235 1336 quorumdem
1271 1235 1616 1333 privatum
1634 1293 1656 1326 ,
1698 1259 2075 1335 meumque
2109 1237 2331 1336 ipsius
2360 1235 2821 1312 domesticum
2844 1235 3112 1314 luctum
3139 1235 3495 1314 renovare!
3526 1276 3626 1295 --

596 1356 917 1455 Collegae
948 1379 1189 1430 omnes
1214 1353 1617 1451 superstites
1647 1361 1718 1428 et
1743 1355 2048 1432 valentes
2078 1355 2492 1443 salutamus3
2533 1379 2714 1452 quos
2743 1356 2924 1431 inter
2945 1357 3044 1432 'I'e
3069 1365 3352 1455 ‘quoque
3375 1355 3621 1434 luben·

593 1473 861 1550 tissime
925 1473 1419 1572 conspicimus,
1474 1473 1825 1550 Hsu'enm
1840 1532 1864 1564 ‚
1927 1481 2139 1574 atque
2194 1475 2439 1550 itidem
2493 1477 3046 1575 conspiceremus
3099 1477 3622 1552 Trnnuarmuu

592 1603 911 1670 nostrum
948 1592 1085 1668 nisi
1127 1592 1380 1667 medici
1414 1591 1787 1691 prudentia
1825 1593 2125 1668 invitum
2160 1593 2477 1666 iussisset
2508 1592 2698 1667 domi
2736 1618 2809 1676 se
2846 1601 3098 1670 tenere.
3159 1593 3302 1668 Sed
3328 1599 3399 1668 et
3421 1592 3622 1670 illum

592 1721 667 1788 et
708 1715 808 1788 Te
856 1711 1273 1812 suspicimus
1293 1711 1435 1786 iam
1460 1711 1585 1786 diu
1609 1710 1895 1811 quidem
1916 1713 2091 1788 rude
2120 1712 2409 1787 donatos
2422 1770 2443 1800 ,
2473 1710 2597 1786 sed
2624 1713 2938 1788 nondum
2963 1718 3316 1804 senectute
3340 1735 3618 1811 oppres-

592 1857 707 1908 sos
720 1839 842 1922 ,·et
886 1833 995 1907 vel
1020 1857 1107 1906 ex
1136 1830 1265 1906 hoo
1288 1831 1731 1908 meritissimo
1757 1832 1899 1908 otio
1922 1833 2339 1910 Academiae
2360 1839 2431 1908 et
2450 1832 2830 1932 disciplinis
2851 1891 2872 1924 ,
2912 1839 2994 1908 ut
3018 1832 3288 1931 pridem
3307 1889 3328 1920 ,
3354 1832 3619 1931 prospi-

590 1935 871 2028 cientes.
941 1951 1155 2030 Quod
1197 1951 1385 2027 idem
1426 1952 1629 2028 nobis
1657 1961 2088 2052 compertum
2115 1961 2221 2029 est
2244 1954 2333 2030 de
2358 1955 2786 2028 Scnnmrm
2806 2012 2826 2041 ,
2875 1953 3164 2052 antiqua
3189 1950 3421 2028 studia
3444 1953 3618 2028 Ger-

587 2071 859 2149 manica
886 2071 1099 2147 etiam
1120 2095 1311 2146 nunc
1333 2071 1702 2172 diligenter
1725 2085 2183 2173 persequente
2201 2133 2221 2163 ,
2244 2074 2331 2148 de
2354 2075 2892 2149 Panummrm
2913 2079 2984 2148 et
3004 2073 3616 2159 Nrnuwnnnusm,

586 2189 825 2290 procul
856 2190 949 2266 ab
980 2190 1111 2267 hoc
1146 2191 1294 2267 loco
1312 2250 1333 2280 ,
1382 2191 1507 2268 sed
1534 2217 1675 2268 non
1704 2219 1748 2268 a
1768 2201 2003 2270 nostra
2027 2193 2463 2269 observantia
2501 2193 2806 2270 remotis.
2885 2193 3158 2268 Caeteri
3193 2191 3619 2268 Professores

585 2310 866 2386 assidue
888 2318 961 2387 et
984 2311 1273 2388 feliciter
1294 2336 1461 2388 suae
1484 2314 1781 2418 quisque
1799 2315 2186 2414 provinciae
2209 2322 2574 2413 praesunt,
2599 2339 2762 2389 cum
2780 2311 3254 2393 instituendae
3269 2309 3618 2386 iuventuti

587 2452 933 2504 summam
1000 2454 1281 2529 operam
1349 2432 1595 2507 dantes
1615 2492 1636 2522 ,
1705 2440 1861 2509 tum
1924 2433 2121 2509 libris
2186 2433 2296 2509 vel
2348 2433 2860 2532 scriptiunculis
2898 2434 3078 2508 bene
3122 2431 3364 2505 multis
3410 2429 3617 2503 editis

586 2547 937 2626 doctrinae
976 2573 1145 2624 suae
1180 2550 1451 2647 copiam
1498 2552 1819 2650 pluribus
1858 2553 2071 2629 etiam
2112 2553 2608 2653 impertientes.
2675 2555 2828 2628 Nec
2863 2553 3143 2626 defuere
3185 2548 3498 2626 solertiae
3547 2556 3620 2622 et

584 2667 989 2744 meritorum
1032 2667 1270 2746 debita
1310 2672 1636 2767 praemia.
1738 2675 1852 2748 Ita
1894 2671 2115 2746 Vobis
2160 2671 2492 2770 gratulari
2532 2669 2733 2743 nobis
2778 2669 3024 2744 datum
3069 2675 3176 2744 est
3196 2727 3218 2759 ‚
3269 2669 3376 2744 Cl.
3429 2670 3633 2744 Irus·

582 2810 733 2861 van
770 2811 921 2861 nne.
955 2787 1275 2861 Honvnn‘
1316 2794 1388 2862 et
1426 2790 1851 2862 Gurmmn
1890 2791 2237 2862 Hammon
2269 2808 2367 2858 ns
2401 2785 2680 2860 ansr.
2700 2845 2720 2874 ,
2770 2789 2844 2860 in
2884 2787 3199 2864 ordinem
3225 2795 3616 2886 equestrem

583 2904 838 2980 Leonis
880 2904 1147 3002 Belgici
1172 2901 1465 3000 receptis
1492 2906 1628 2994 ⁷⁶);
1662 2904 1763 2976 ita
1784 2900 1945 2976 Tibi
1966 2924 2279 3010 quoque,
2304 2900 2487 2976 Clar.
2509 2901 2756 2978 Parme
2783 2904 2988 2978 Orro
3012 2927 3162 2978 vsu
3185 2929 3333 2983 nna
3357 2906 3614 2993 Crass,

582 3047 629 3099 a
661 3022 1064 3101 Lusitaniae
1086 3043 1249 3118 rege
1268 3019 1663 3118 insignibus
1684 3020 1947 3095 ordinis
1973 3018 2233 3094 Christi
2254 3027 2496 3098 ornato
2517 3021 2637 3112 ⁷⁷).
2657 3066 2754 3083 --
2769 3023 2952 3101 'rum
2975 3032 3046 3098 et
3069 3023 3438 3098 liberaliter
3457 3048 3614 3123 pro-
3763 3025 3786 3048 ⁶

580 3142 809 3217 visum
834 3147 943 3215 est
971 3137 1223 3214 studiis
1252 3138 1753 3237 promovendis.
1821 3139 2195 3238 Interpreti
2220 3139 2469 3238 Legati
2499 3138 2932 3216 Warnerieni
2949 3200 2969 3230 ,
3003 3166 3306 3240 quocum
3333 3141 3615 3221 biennio

576 3267 739 3336 ante
781 3257 1075 3336 candide
1119 3257 1623 3357 deploravimus
1660 3259 2119 3335 Kunnnmmr
2156 3258 2293 3358 ipsi
2328 3258 2686 3336 ademtum
2725 3285 2876 3336 esse
2913 3263 3362 3350 Adiutorem‚
3388 3287 3611 3340 novus

578 3379 887 3456 adscitus
904 3386 1011 3454 est
1022 3377 1349 3466 Adiutor,
1367 3378 1845 3454 ornatissimus
1857 3378 2147 3453 Pnrnus
2164 3401 2259 3452 nn
2270 3379 2484 3466 Ione,
2499 3379 2734 3456 Theol.
2753 3380 2954 3457 Cand
2969 3381 3090 3475 ⁷⁸).
3105 3427 3206 3452 ...-
3221 3381 3327 3457 cl.
3345 3383 3611 3470 ero,

576 3497 1023 3574 Laboratorio
1066 3497 1361 3596 Physica
1410 3498 1764 3574 Praefecto
1780 3556 1804 3588 ,
1850 3497 2094 3575 itidem
2143 3498 2578 3598 gratulamur
2626 3500 3040 3580 Adiutorem
3057 3561 3078 3590 ,
3129 3501 3612 3587 doctissimum

577 3620 979 3694 Ionamum
998 3619 1343 3694 Bossona
1356 3619 1577 3710 ⁷⁹).--
1590 3619 1681 3692 In
1702 3617 2163 3716 expertissimi
2180 3625 2417 3693 autem
2436 3617 2813 3699 Hortulani
2833 3621 3088 3695 heom
3107 3622 3608 3696 Scuuunruns

536 3775 539 3794 =
578 3739 1027 3816 Srnxnovnu
1078 3737 1425 3813 demortui
1469 3739 1698 3812 locum
1748 3736 2081 3813 suffectus
2128 3745 2235 3813 est
2274 3737 2754 3813 ornatissimus
2777 3739 3166 3815 Hmmrous
3195 3740 3457 3815 Wrr‘rn
3479 3742 3603 3832 ⁸⁰).

675 3981 771 4052 Et
835 3979 945 4054 his
1004 3979 1147 4054 iam
1220 3977 1309 4054 de
1370 3977 1535 4084 fatis
1594 3977 2009 4056 Academiae
2066 3976 2233 4053 satis
2300 3977 2566 4052 dictum
2629 3977 2804 4052 foret
2867 3977 3004 4052 nisi
3051 3985 3439 4078 superesset
3481 3987 3564 4053 ut
3582 4037 3604 4069 ‚

580 4097 769 4195 quod
823 4098 1143 4196 privatim
1184 4098 1359 4172 mihi
1405 4098 1547 4174 iam
1587 4098 1811 4178 faeere
1854 4097 2183 4198 contigit,
2230 4097 2437 4174 hodie
2481 4097 2694 4178 etiam
2737 4097 3014 4198 publice
3058 4099 3158 4173 Te
3195 4099 3565 4174 salutarem
3582 4156 3603 4186 ,

582 4215 1043 4291 Celeberrime
1084 4220 1463 4293 Ionannns
1504 4221 1720 4294 Bau
1738 4277 1759 4308 ,
1808 4218 1934 4317 qui
1973 4217 2165 4292 haud
2210 4217 2480 4315 pridem
2517 4224 2838 4292 octavum
2875 4218 3177 4292 lustrum
3219 4217 3294 4291 in
3337 4216 3601 4290 Acade-

581 4334 763 4410 mica
806 4335 1163 4411 iuventute
1203 4338 1633 4415 instituenda
1675 4363 1837 4413 cum
1878 4338 2192 4413 omnium
2236 4338 2689 4414 admiratione
2735 4339 3021 4414 feliciter
3067 4337 3440 4442 condidisti
3475 4339 3600 4428 ⁸¹).

582 4455 731 4534 Qui
781 4453 1005 4529 festus
1047 4454 1197 4532 dies
1242 4457 1489 4534 Tibine
1540 4483 1632 4534 an
1675 4457 2091 4534 Academiae
2140 4457 2381 4534 laetior
2424 4457 2636 4532 fuerit
2651 4515 2672 4545 ,
2723 4457 2990 4536 dubito.
3039 4457 3055 4474 ‘
3091 4459 3604 4533 Concurrerunt

579 4597 661 4647 eo
724 4573 839 4647 die
901 4573 1107 4648 multi
1168 4575 1519 4672 quondam
1574 4576 1711 4651 Tui
1756 4576 2118 4675 discipuli,
2165 4573 2355 4652 nunc
2402 4577 2531 4652 viri
2579 4578 2654 4650 in
2703 4577 2893 4654 omni
2946 4577 3121 4663 vita,
3169 4575 3246 4652 in
3299 4573 3601 4660 Scholia.

579 4692 653 4766 in
691 4693 1002 4768 Ecclesia
1021 4751 1043 4782 ,
1089 4693 1164 4767 in
1213 4693 1509 4768 Civitate
1556 4694 1910 4794 conspicui
1926 4751 1947 4782 ,
1997 4695 2121 4792 qui
2139 4752 2160 4784 ,
2208 4696 2441 4770 oblato
2491 4719 2780 4769 munere
2817 4695 3076 4769 caelato
3095 4753 3116 4782 ,
3167 4693 3346 4794 grati
3385 4693 3601 4769 animi

578 4812 1053 4890 testimonium
1094 4813 1378 4903 darent,
1416 4813 1749 4914 Tibique,
1786 4812 2279 4892 facundissimo
2308 4838 2433 4914 pro
2470 4812 2798 4890 omnibus
2831 4839 2947 4890 ore
2985 4815 3308 4913 loquente
3322 4875 3342 4905 ,
3364 4821 3600 4914 gratu-

2967 4935 3066 5008 4*
