4934 6184
1391 649 1476 716 62
2356 649 2413 716 J.
2482 650 2541 716 J.
2612 649 2939 716 PRINS
3004 647 3449 718 ORATIO.

1390 861 1600 934 Sacro
1651 881 1938 932 munere
1985 839 2202 930 V'obis
2248 855 2448 957 fungi
2492 857 2888 958 contingat,
2938 857 3443 936 sanctissimam
3484 853 3709 932 colitis
3760 854 4175 956 Theologiae
4216 857 4419 934 disci·

1387 978 1673 1080 plinam.
1792 977 2350 1052 Nmmmnuu
2415 977 2737 1077 lugentes
2791 985 3305 1078 praeceptorem
3370 977 3719 1077 optimum
3738 1035 3759 1066 ,
3826 1001 3967 1076 quo
4030 977 4198 1052 estis
4260 1002 4423 1078 erga

1387 1103 1858 1198 praeceptores
1899 1096 2132 1174 animo
2151 1153 2172 1184 ,
2219 1097 2569 1173 testificati
2610 1098 2779 1173 estis
2816 1097 3381 1174 luculentissime.
3481 1099 3651 1172 Erat
3696 1095 3885 1172 enim
3916 1097 4035 1174 ille
4072 1097 4146 1172 in
4182 1098 4425 1197 paucis

1387 1219 1682 1294 eximius
1747 1216 2116 1316 Vestrique
2191 1217 2734 1294 amantissimus.
2857 1218 3043 1294 Mihi
3120 1242 3279 1294 vero
3299 1277 3320 1307 ,
3396 1217 3475 1292 in
3552 1216 3707 1294 eius
3781 1217 4012 1296 locum
4084 1217 4375 1294 suffecto
4398 1276 4423 1306 ‚

1387 1337 1899 1438 quamplurima
1965 1337 2220 1412 desunt
2240 1394 2262 1427 ,
2329 1337 2589 1436 quibus
2636 1337 2767 1414 Ille
2808 1344 3093 1414 ornatus
3136 1345 3287 1412 erat
3330 1335 3693 1436 Vobisque
3728 1337 4057 1414 inserviit.
4160 1337 4303 1414 Sed
4344 1338 4421 1412 in

1383 1457 1792 1534 memoriam
1851 1457 2081 1547 venit,
2150 1481 2362 1557 quam
2405 1457 2497 1532 ad
2547 1481 2661 1532 me
2704 1457 2934 1546 misit,
2998 1457 3289 1558 epistola
3307 1516 3330 1545 ,
3376 1481 3459 1532 eo
3504 1457 3791 1556 quidem
3832 1463 4147 1556 tempore
4164 1516 4187 1547 ,
4238 1481 4379 1556 quo
4398 1515 4423 1545 ‚

1383 1577 1958 1652 Roterodamo
2015 1578 2443 1666 destinatus,
2512 1578 2586 1652 in
2658 1577 2835 1653 hane
2890 1585 3243 1652 vocaretur
3298 1577 3771 1656 Academiam„
3896 1579 4083 1652 Tum
4148 1577 4267 1652 ille
4332 1603 4419 1654 ex

1383 1698 1616 1774 animo
1677 1697 1906 1772 dolere
1961 1685 2096 1772 sibi
2153 1697 2342 1773 haud
2403 1698 2695 1774 obscure
2742 1697 3155 1797 significavit
3172 1757 3193 1786 ‚
3240 1695 3433 1796 quod
3478 1722 3621 1774 non
3636 1757 3657 1800 ξ
3706 1704 4083 1798 antequam
4126 1695 4417 1772 Theolo-

1383 1819 1540 1917 giae
1595 1825 1982 1917 capesseret
2035 1841 2296 1915 munus
2345 1817 2833 1918 professoriam
2856 1875 2879 1906 ‚
2936 1841 3061 1916 per
3106 1817 3391 1916 aliquod
3438 1818 3689 1894 saltem
3734 1817 4063 1917 temporis
4116 1815 4415 1916 spatium

1379 1936 2256 2012 Roterodamensium
2291 1961 2612 2036 praeesse
2652 1943 2888 2036 posset
2920 1936 3151 2012 coetui
3194 1936 3619 2027 Christian03
3670 1938 3831 2014 hinc
3872 1938 4061 2012 enim
4110 1959 4417 2037 sperasse

1382 2081 1457 2130 se
1477 2113 1498 2146 ,
1573 2055 1718 2130 fore
1777 2063 1862 2130 ut
1927 2056 2120 2131 haud
2182 2045 2513 2156 exiguum
2576 2058 2653 2131 in
2718 2082 2791 2134 se
2850 2056 3270 2133 redundaret
3318 2058 3871 2134 emolumentum
3889 2116 3909 2147 ,
3975 2082 4121 2158 quo
4168 2056 4413 2132 melius

1380 2175 1776 2252 futurorum
1843 2175 2203 2252 inserviret
2262 2176 2658 2252 antistitum
2714 2177 3083 2252 Sacrorum
3142 2169 3547 2251 commodis.
3666 2177 3823 2252 Iam
3880 2199 4013 2276 ego
4030 2233 4055 2265 ‚
4122 2175 4185 2248 si
4244 2174 4413 2272 quid

1380 2295 1574 2370 valeo
1595 2354 1615 2385 ‚
1682 2321 1860 2394 quae
1921 2320 2261 2372 annorum
2314 2297 2579 2395 aliquot
2626 2321 2741 2372 me
2762 2354 2781 2384 ,
2848 2294 3257 2394 praesertim
3314 2295 3895 2372 Roterodami
3914 2354 3933 2385 ‚
3992 2293 4411 2394 experientia

1383 2415 1658 2504 docuit,
1709 2415 1928 2491 Vobis
1975 2423 2158 2492 certe
2199 2416 2641 2517 suppeditare
2691 2440 2975 2514 possum
3022 2414 3485 2513 omnibusque
3527 2414 3789 2490 viribus
3828 2415 4153 2515 prodesse
4197 2412 4417 2489 Vobis

1381 2533 1700 2610 conabor.
1799 2535 1944 2610 Vos
2002 2536 2218 2636 igitur
2284 2536 2394 2611 his
2413 2596 2433 2625 ‚
2493 2559 2751 2635 quaeso
2768 2594 2787 2624 ‚
2854 2521 3187 2610 Vestrum
3227 2535 3301 2609 in
3350 2535 3791 2610 commodum
3838 2535 4205 2635 diligenter
4260 2541 4412 2609 uta-

1379 2654 1590 2729 mini!
1665 2657 1790 2730 Me
1829 2656 2120 2755 accipite
2142 2715 2162 2745 ‚
2213 2657 2733 2732 commilitones
2776 2655 3311 2754 exoptatissimi!
3367 2654 3755 2730 studiorum
3800 2654 4050 2730 ducem
4083 2681 4163 2730 ac
4200 2653 4411 2729 comi·

1381 2782 1524 2848 tem
1550 2833 1570 2865 ,
1651 2776 1776 2874 qui
1853 2776 2072 2851 Vobis
2139 2776 2466 2852 docendis
2534 2777 2685 2877 ipse
2758 2776 3060 2852 discam!
3152 2777 3247 2850 Et
3312 2774 3373 2848 si
3436 2775 3511 2848 in
3578 2775 3927 2850 laudanda
3980 2774 4415 2850 institutione

1379 2895 1864 2984 Academica?
1885 2897 2143 2995 quippe
2182 2898 2276 2973 ad
2319 2897 2462 2973 Vos
2506 2897 2905 2973 formandos
2947 2896 3305 3002 aptissima
3324 2954 3345 2985 ,
3392 2920 3475 2970 ea
3525 2901 3799 2970 tantum
3852 2895 4165 2970 elocutus
4213 2919 4368 2969 sum
4389 2951 4415 2982 ,

1379 3039 1559 3112 quae
1603 3022 1828 3090 vestra
1868 3015 2016 3090 Vos
2070 3018 2382 3116 quotidie
2426 3018 2845 3116 experientia
2888 3018 3131 3105 docet,
3197 3016 3438 3091 beatos
3478 3014 3623 3090 Vos
3668 3015 4057 3113 praedicate
4082 3073 4101 3104 ‚
4152 3013 4415 3115 quibus

1374 3135 1552 3208 nihil
1604 3159 1885 3233 prorsus
1948 3136 2132 3209 desit
2152 3194 2172 3224 ,
2239 3161 2380 3235 quo
2423 3136 2517 3212 ad
2559 3161 2819 3212 munus
2868 3137 3152 3212 Sacrum
3196 3135 3569 3234 aliquando
3610 3135 3996 3235 gerendum
4040 3134 4171 3209 rite
4220 3159 4409 3234 prae-

1377 3255 1753 3354 paremini!
1837 3257 2120 3332 Moveat
2179 3255 2323 3332 Vos
2379 3257 2567 3336 illius
2633 3256 3277 3356 muneris.gravitas
3315 3254 3407 3330 ad
3455 3254 3687 3330 studia
3724 3261 3985 3344 vestra,
4034 3262 4117 3328 ut
4150 3253 4371 3329 facitis
4389 3311 4413 3342 ‚

1379 3374 1696 3474 gnaviter
1755 3378 2270 3475 persequenda!
2353 3377 2599 3455 Animi
2663 3377 2921 3476 pietate
2980 3400 3395 3474 morumque
3464 3374 3611 3449 Vos
3676 3375 4021 3474 probitate
4088 3374 4415 3449 omnibus

1383 3495 1880 3570 commendetis
1899 3555 1922 3584 ,
1971 3496 2096 3595 qui
2138 3498 2487 3574 Ecclesiae
2530 3505 2803 3572 nostrae
2844 3495 3285 3572 Reformatae
3324 3519 3563 3571 curam
3605 3502 3861 3593 gerunt
3897 3494 4410 3570 fidelissimam!

1371 3615 1722 3690 Prodeant
1793 3641 1834 3690 e
1889 3615 2110 3692 Vobis
2171 3619 2380 3694 multi
2439 3616 2813 3717 quotannis
2876 3616 3069 3692 verbi
3125 3615 3343 3692 divini
3386 3613 3687 3690 ministri
3730 3615 4106 3714 gregisque
4122 3673 4143 3702 ‚
4197 3639 4411 3713 quem

1380 3759 1508 3810 suo
1569 3735 1703 3810 sibi
1760 3737 2096 3836 sanguine
2153 3739 2519 3815 Cnmsrus
2570 3737 2877 3838 peperit,
2940 3743 3251 3838 pastores
3295 3735 3827 3837 probabiliores!
3910 3735 4006 3808 Et
4048 3735 4289 3809 floreat
4334 3734 4411 3808 in

1374 3855 1870 3955 sempiternum
1929 3857 2098 3933 haec
2160 3858 2603 3935 celeberrima
2648 3859 2806 3934 Lei
2827 3858 2876 3933 d
2892 3882 2931 3932 e
2948 3880 2996 3930 n
3014 3850 3091 3932 s'i
3112 3881 3145 3932 s
3202 3856 3435 3934 schola
3482 3857 3989 3955 'I'heologorum
4041 3855 4409 3955 omnisque

1375 3975 1544 4050 haee
1590 3985 1826 4052 nostra
1873 3978 2251 4054 Academia
2269 4039 2290 4068 ‚
2343 4005 2539 4056 verae
2587 3977 2995 4054 eruditionis
3042 3975 3503 4076 pulcherrima
3550 3975 3791 4052 sedes!

1477 4215 1682 4293 Quae
1723 4223 1954 4292 nostra
1993 4225 2152 4292 vota
2193 4242 2283 4292 ne
2325 4218 2437 4294 Tu
2476 4218 2669 4294 irrita
2714 4217 2901 4292 sinas
2940 4240 3091 4291 esse
3112 4274 3131 4304 ,
3202 4215 3399 4290 Deus
3439 4217 3727 4320 Optime
3778 4215 4129 4292 Maxime!
4199 4238 4411 4314 quem

1385 4335 1664 4410 Patrem
1714 4355 2120 4412 veneramur
2166 4336 2238 4411 in
2288 4339 2462 4414 Insu
2513 4338 2844 4413 Cnsts'ro
2892 4334 3517 4437 benignissimum!

2769 4699 3033 4762 mxl.
