4934 6184
1790 690 2347 762 ORATIO.
3454 693 3583 760 167

544 902 925 1004 praeditam
966 899 1231 976 viribus
1270 898 1445 975 nihil
1490 897 1775 976 omnino
1836 907 1965 976 est.
2066 899 2666 1000 omnipotentiam
2720 898 3114 976 creatricem
3171 899 3290 976 isti
3354 899 3575 1000 philo·

546 1023 743 1124 sophi
788 1023 941 1098 dari
990 1029 1272 1122 negant.
1316 1065 1421 1080 -
1466 1019 1705 1096 Sitane
1746 1019 1963 1121 igitur
2001 1029 2110 1097 est
2150 1021 2255 1106 in„
2272 1011 2562 1097 materie
2605 1044 2770 1096 cum
2815 1019 2962 1095 suis
3001 1019 3536 1120 proprietatibus
3556 1079 3576 1110 ,

543 1144 617 1218 in
671 1141 935 1218 viribus
998 1141 1413 1218 mechanicis
1429 1199 1449 1230 ,
1498 1141 1798 1242 physicis
1820 1201 1841 1232 ‚
1888 1142 2217 1220 chemicis
2235 1201 2255 1231 ,
2304 1167 2516 1218 causa
2561 1141 2924 1216 continens
2965 1141 3394 1217 formationis
3438 1141 3576 1240 pri-

543 1287 697 1339 mae
738 1286 1105 1364 corporum
1124 1319 1145 1351 ,
1196 1261 1713 1340 individuorum
1762 1263 2293 1363 organicorum?
2335 1305 2440 1324 —-
2491 1261 2860 1338 Affirmant
2909 1261 3116 1338 sitam
3155 1261 3338 1338 esse!
3441 1262 3582 1336 Sed

545 1408 685 1482 quo
732 1383 885 1458 iure
932 1406 1259 1482 quaerere
1306 1383 1507 1458 licet!

640 1505 729 1578 In
781 1528 863 1578 ea
919 1503 1311 1578 conditione
1330 1560 1349 1592 ,
1414 1503 1489 1576 in
1539 1527 1679 1600 qua
1732 1501 1938 1576 hodie
1993 1500 2423 1600 physiologia
2470 1508 2812 1590 versatur,
2867 1525 2952 1576 eo
3004 1524 3226 1599 usque
3269 1499 3578 1600 perveni-

546 1645 707 1696 mus
746 1621 1271 1722 investigatione
1332 1622 1569 1697 debito
1612 1621 1820 1698 modo
1838 1679 1859 1710 ,
1921 1622 1997 1695 id
2055 1627 2161 1696 est
2208 1627 2525 1696 accurate
2575 1628 2646 1696 et
2701 1620 3070 1720 diligenter
3114 1620 3334 1708 facta,
3385 1627 3466 1694 ut
3505 1621 3580 1694 in

544 1765 775 1816 rerum
819 1749 1069 1817 natura
1086 1801 1106 1831 ,
1156 1742 1433 1841 qualem
1476 1741 1681 1816 nobis
1724 1740 2115 1838 conspicere
2167 1763 2574 1814 concessum
2615 1746 2759 1826 est,
2819 1745 3006 1814 certo
3055 1737 3580 1838 cognoverimus

544 1871 814 1938 motum
883 1870 1299 1963 perpetuum
1357 1862 1432 1937 in
1496 1861 1733 1938 orbem
1750 1917 1771 1948 ,
1830 1859 2195 1934 circuitum
2246 1857 2531 1934 omnino
2594 1858 2940 1934 materiae.
3061 1857 3351 1934 Plantae
3402 1884 3582 1959 quae

544 1980 941 2072 materiem,
1006 2008 1148 2082 qua
1210 1983 1639 2070 nutriantur,
1701 1978 2031 2055 hauriunt
2084 2002 2125 2052 e
2176 1977 2361 2067 sole,
2427 1977 2504 2052 in
2553 2001 2692 2075 quo
2743 1987 3060 2055 crescunt
3107 1987 3179 2054 et
3241 2003 3330 2054 ex
3395 1988 3584 2068 aere,

544 2104 665 2200 qui
716 2103 903 2202 ipsas
962 2103 1381 2192 circumdat,
1452 2106 1700 2202 parant
1763 2099 2083 2176 materies
2138 2097 2496 2198 organicas
2515 2155 2536 2187 ,
2611 2121 2789 2195 quae
2845 2097 3261 2174 animalibus
3331 2106 3402 2174 et
3459 2100 3580 2174 ho-

541 2221 715 2296 mini
758 2221 1087 2298 alimento
1134 2222 1294 2301 sint.
1397 2224 1599 2301 Quae
1650 2245 1809 2297 vero
1848 2246 1937 2296 ex
1982 2220 2347 2296 hominum
2388 2228 2461 2295 et
2505 2218 2906 2294 animalium
2953 2219 3354 2321 corporibus
3388 2244 3583 2320 egre-

542 2341 829 2416 diuntur
898 2342 1221 2418 materies
1240 2401 1261 2431 ‚
1341 2343 1679 2441 producta
1766 2348 2139 2440 perpetuae
2212 2339 2620 2416 mutationis
2699 2340 3028 2416 materiae
3104 2347 3176 2422 et
3243 2341 3584 2418 instaura-

541 2461 749 2538 tionis
768 2520 789 2551 ,
838 2461 1146 2561 itemque
1195 2463 1534 2561 producta
1581 2461 2055 2537 dissolutionis
2097 2461 2494 2561 plantarum
2541 2467 2972 2538 mortuarum
2992 2519 3012 2550 ,
3063 2461 3464 2538 animalium
3514 2472 3586 2537 et

541 2581 899 2658 hominum
958 2582 1368 2657 cadaverum
1390 2641 1411 2671 ‚
1462 2625 1561 2640 -
1608 2607 1729 2658 eae
1776 2581 2095 2657 materies
2138 2605 2381 2656 rursus
2424 2580 2683 2680 plantis
2729 2581 3058 2656 alimento
3109 2590 3294 2657 sunt.

638 2703 985 2800 Perpetuo
1044 2702 1163 2776 illo
1226 2703 1555 2778 materiae
1606 2710 1805 2777 motu
1856 2702 1945 2778 ab
2000 2701 2433 2801 anorganicis
2489 2700 2888 2800 corporibus
2941 2702 3033 2778 ad
3093 2703 3414 2802 organica
3433 2761 3453 2792 ,
3507 2711 3589 2776 ut

546 2820 833 2896 redeant
904 2821 1095 2897 unde
1143 2846 1429 2898 cursum
1491 2823 1872 2920 inceperint
1890 2881 1911 2912 ,
1977 2831 2051 2897 et
2100 2831 2183 2897 ut
2230 2847 2355 2922 per
2398 2823 2544 2898 vias
2589 2821 2892 2898 diversas
2940 2822 3130 2897 idem
3174 2845 3416 2898 rursus
3455 2823 3590 2899 iter

552 2940 951 3040 perficiant,
1024 2941 1165 3016 vita
1229 2943 1304 3015 in
1375 2942 1505 3017 hoc
1564 2949 1901 3018 terrarum
1970 2943 2136 3018 orbe
2208 2951 2637 3020 sustentatur
2654 3000 2674 3031 ‚
2745 2941 3148 3048 animalium
3217 2943 3359 3018 vita
3427 2967 3590 3019 cum

546 3060 689 3135 vita
763 3061 1157 3161 plantarum
1175 3118 1196 3149 ‚
1263 3059 1509 3136 harum
1578 3061 1719 3138 vita
1788 3074 1953 3138 cum
2016 3061 2325 3137 materiis
2388 3061 2822 3161 anorganicis
2887 3087 3074 3139 nexu
3141 3071 3416 3140 tenetur
3480 3063 3585 3138 in-

544 3178 957 3255 dissolubili.

640 3299 905 3374 Verum
950 3325 1093 3390 res,
1138 3325 1317 3400 quae
1364 3297 1652 3373 maximi
1704 3298 2040 3374 momenti
2084 3306 2191 3374 est
2240 3299 2315 3374 in
2372 3302 2952 3402 contemplatione
3002 3304 3214 3380 huius
3259 3307 3586 3382 materiae

540 3417 867 3494 circuitus
885 3478 905 3509 ‚
956 3462 1053 3478 -
1118 3419 1289 3495 haec
1352 3425 1493 3494 est:
1570 3417 1809 3518 planta
1870 3443 2011 3494 non
2072 3419 2291 3495 oritur
2354 3446 2395 3496 e
2458 3422 2748 3498 materia
2814 3424 3226 3523 anorganica
3244 3483 3266 3516 ,
3329 3426 3588 3502 animal

539 3563 677 3615 non
738 3540 1049 3642 nascitur
1109 3564 1149 3615 e
1211 3538 1449 3638 planta
1470 3597 1493 3628 ‚
1549 3563 1689 3613 non
1748 3539 1957 3614 homo
2012 3564 2099 3614 ex
2150 3540 2433 3616 animali
2450 3575 2469 3631 ;
2529 3567 2812 3643 germen
2857 3545 3045 3620 unde
3081 3547 3320 3646 planta
3365 3547 3588 3622 oritur
3696 3637 3699 3639 ,

543 3683 681 3735 non
724 3660 861 3735 nisi
909 3685 951 3734 e
1001 3661 1241 3761 planta
1292 3661 1525 3760 aliqua
1577 3660 1930 3758 provenit3
1979 3685 2263 3759 germen
2310 3661 2500 3736 unde
2547 3663 2864 3738 animans
2911 3667 3218 3740 nascitur
3265 3691 3404 3741 non
3449 3666 3588 3740 nisi

547 3801 633 3850 ex
694 3777 975 3854 animali
1036 3781 1271 3880 aliquo
1289 3839 1310 3869 ,
1356 3823 1459 3840 —
1504 3781 1807 3856 etiamsi·
1839 3803 2083 3856 verum
2122 3781 2215 3856 sit
2259 3781 2572 3879 plantam
2615 3790 2688 3856 et
2733 3783 2992 3858 animal
3037 3809 3180 3858 non
3231 3785 3394 3858 oriri
3435 3785 3586 3859 sine

546 3898 873 3974 materiae
922 3902 1303 3978 mutatione
1321 3959 1343 3991 ‚
1396 3925 1539 3978 non
1593 3901 1753 3978 licet
1802 3901 2141 3978 affirmare
2178 3925 2263 3977 ea
2294 3901 2439 3976 sola
2481 3899 2808 3976 materiae
2836 3901 3222 3977 mutatione
3254 3901 3438 3980 oriri.
3485 3947 3586 3966 --

436 4107 445 4113 .
547 4015 844 4092 Nullum
904 4019 1341 4097 individuum
1410 4023 1813 4122 organicum
1862 4023 2083 4098 oritur
2158 4023 2307 4098 sine
2373 4019 2816 4122 parentibus,
2863 4065 2966 4083 --
3009 4023 3201 4122 quod
3259 4023 3320 4099 si
3373 4024 3584 4102 nimis

549 4136 885 4212 affirmare
946 4138 1182 4216 ‚videor
1196 4199 1217 4229 ,
1278 4149 1353 4217 at
1404 4149 1589 4219 certe
1608 4201 1629 4232 ,
1696 4167 1839 4218 non
1912 4143 2062 4219 sine
2120 4142 2407 4219 materie
2470 4141 2813 4242 organica.
2863 4187 2966 4206 --
3008 4145 3240 4222 Antea
3293 4147 3578 4246 quidem

546 4256 737 4355 apud
805 4265 1089 4334 naturae
1159 4262 1682 4364 investigatores
1744 4264 1977 4365 opinio
2048 4264 2223 4354 fuit,
2288 4264 2502 4342 etiam
2573 4287 2760 4339 nunc
2839 4265 3136 4365 primam
3200 4267 3578 4366 quamdam

547 4373 1029 4454 formationem
1103 4381 1495 4480 plantarum
1564 4391 1637 4458 et
1693 4385 2261 4462 animalculorum
2338 4385 2566 4462 infimi
2633 4385 2895 4462 ordinis
2948 4386 3100 4460 fieri
3117 4443 3138 4475 ,
3213 4409 3424 4484 quam
3471 4391 3574 4457 ta·

542 4517 703 4568 men
724 4553 745 4583 ‚
812 4497 872 4570 si
927 4508 1300 4598 ponerent,
1358 4509 1433 4578 at
1478 4504 1837 4581 materiem
1887 4507 2284 4607 organicam
2328 4508 2620 4584 existere
2681 4506 2934 4581 debere
2987 4505 3174 4578 unde
3221 4509 3578 4577 orerentur

540 4621 901 4712 putarent;
966 4618 1091 4694 sed
1148 4619 1557 4698 recentiores
1618 4623 1827 4699 istam
1882 4624 2277 4722 opinionem
2334 4624 2594 4699 sensim
2641 4623 3094 4710 dimiserunt,
3156 4645 3378 4720 quum
3421 4621 3576 4698 dili-

542 4757 713 4832 gens
781 4759 1015 4813 rerum
1080 4740 1457 4841 exploratio
1528 4743 1694 4820 satis
1752 4751 1941 4820 certo
1990 4743 2339 4833 docuerit,
2420 4742 2846 4839 ubicumque
2891 4740 3114 4841 prima
3169 4740 3488 4820 formatio
3539 4770 3580 4820 e

542 4854 827 4932 materia
900 4861 1225 4961 organica
1314 4865 1645 4965 amorpha
1720 4871 2111 4942 sumeretur
2130 4921 2151 4956 ,
2228 4863 2544 4964 germina
2621 4861 2928 4940 adfuisse
3001 4863 3400 4963 plantarum
3473 4865 3579 4942 vel
