4934 6184
1387 685 1519 754 1⁷0
2429 681 2485 750 1.
2544 677 2962 748 russum
3014 679 3381 748 masan

1482 893 1748 968 Verum
1791 890 1930 966 iam
1979 911 2108 964 nos
2151 893 2635 966 convertamus
2687 888 2780 963 ad
2828 911 2913 964 ea
2928 945 2951 979 ,
3019 911 3199 988 quae
3245 886 3685 988 philosophia
3733 886 3851 963 illa
3896 911 4025 964 nos
4084 887 4289 966 docet
4338 891 4431 966 de

1383 1013 1664 1090 homine
1723 1011 1990 1086 ratione
2037 1007 2350 1111 praedito
2367 1067 2390 1102 ,
2459 1034 2672 1109 quem
2726 1033 2765 1084 e
2810 1033 3093 1110 corpore
3158 1017 3231 1083 et
3298 1007 3532 1086 animo
3580 1017 3894 1087 constare
3950 1016 4201 1110 putare
4256 1013 4431 1090 sole·

1382 1157 1544 1209 mus
1558 1190 1580 1222 ,
1630 1175 1732 1192 —
1777 1155 1988 1230 quem
2041 1137 2194 1206 tum
2235 1131 2539 1230 corporis
2580 1129 2838 1206 fabrica
2859 1187 2880 1218 ,
2932 1141 3086 1206 tum
3125 1130 3549 1230 praestantia
3586 1131 3881 1231 psyches
3933 1154 4097 1230 prae
4146 1133 4431 1234 reliquis

1381 1252 1855 1332 animantibus
1921 1251 2248 1328 excellere
2300 1251 2649 1328 credimus
2716 1257 2789 1326 et
2857 1249 3059 1327 cuius
3116 1274 3366 1350 corpus
3416 1251 3739 1328 novimus
3809 1250 4207 1328 subiectum
4276 1279 4429 1332 esse

1383 1373 1753 1452 universali
1795 1372 1916 1449 isti
1979 1371 2420 1448 materierum
2484 1369 2805 1446 circuitui
2822 1427 2844 1460 ,
2910 1371 3010 1446 ita
3074 1379 3157 1446 ut
3215 1371 3472 1470 partim
3521 1371 3695 1448 dum
3745 1371 3949 1463 vivit,
4018 1373 4144 1450 sed
4204 1376 4427 1450 multo

1381 1497 1608 1596 magis
1654 1503 1816 1594 post
1859 1501 2152 1570 mortem
2179 1551 2200 1582 ,
2258 1492 2416 1602 fons
2472 1493 2598 1568 fiat
2640 1516 2858 1568 novae
2925 1491 3105 1568 vitae
3150 1491 3409 1590 plantis
3470 1499 3543 1566 et
3606 1490 4061 1583 animalibus,
4114 1537 4206 1551 —
4251 1495 4423 1572 dum

1379 1641 1577 1716 spem
1634 1614 1950 1691 fovemus
1998 1620 2069 1689 et
2117 1613 2533 1690 confidimus
2581 1613 2895 1690 animum
2940 1618 3261 1688 nostrum
3306 1635 3459 1688 esse
3504 1612 3989 1691 immortalem.

1473 1736 1824 1836 Principio
1865 1733 2192 1811 orationis
2259 1732 2430 1834 ipsis
2492 1733 2785 1810 istorum
2852 1732 3421 1832 philosophorum
3478 1732 3707 1808 verbis
3778 1757 4125 1810 summam
4192 1759 4429 1812 eorum

1380 1858 1470 1934 de
1509 1858 1638 1934 hac
1689 1881 1765 1932 re
1835 1854 2186 1930 doctrinae
2255 1854 2452 1929 vobis
2510 1853 2770 1954 aperui.
2869 1852 3051 1929 Aliis
3113 1851 3341 1928 verbis
3389 1859 3473 1928 nt
3520 1858 3717 1941 utar,
3778 1876 3907 1928 nos
3958 1853 4215 1930 docent
4268 1879 4427 1955 psy-

1377 1976 1606 2053 chicas
1668 1975 1742 2050 in
1796 1972 2074 2050 homine
2143 1973 2450 2050 actiones
2524 1996 2666 2047 non
2730 1970 3031 2073 pendere
3104 1971 3195 2047 ab
3268 1972 3508 2049 altiore
3580 1972 3889 2072 quodam
3949 1973 4291 2075 principio
4354 1976 4427 2050 in

1269 2157 1280 2164 ,
1379 2096 1662 2172 homine
1697 2095 1862 2181 sito,
1893 2139 1995 2154 —
2021 2093 2363 2168 eiusmodi
2399 2092 2572 2192 quid
2610 2091 2684 2168 in
2720 2091 3001 2168 homine
3044 2116 3182 2168 non
3228 2091 3417 2182 dari,
3458 2135 3557 2154 ·—
3592 2094 3782 2192 quod
3818 2102 4055 2172 autem
4100 2119 4183 2172 eo
4212 2097 4429 2195 perti·

1375 2241 1542 2292 nere
1588 2215 1798 2314 vulgo
1838 2215 2210 2313 opinentur
2229 2272 2250 2303 ,
2299 2237 2440 2288 non
2496 2237 2647 2288 esse
2696 2211 2831 2287 nisi
2880 2211 3209 2290 effectum
3262 2213 3615 2289 actionum
3677 2213 4005 2290 materiae
4023 2274 4043 2305 ‚
4090 2215 4213 2314 qui
4278 2239 4425 2292 non

1377 2338 1604 2412 solum
1669 2359 1794 2435 per
1851 2334 1978 2410 has
2045 2332 2274 2409 locum
2328 2332 2621 2422 habeat,
2674 2334 2798 2408 sed
2852 2333 2945 2410 ab
3015 2333 3103 2408 iis
3154 2333 3593 2432 producitur,
3646 2359 3857 2433 quam
3904 2335 4429 2435 productionem

1371 2483 1416 2532 a
1482 2455 1694 2531 rebus
1763 2478 1924 2530 cum
2001 2453 2290 2528 internis
2359 2461 2514 2528 tum
2564 2453 2867 2529 externis
2932 2453 3235 2554 pendere
3248 2512 3269 2544 ,
3338 2461 3409 2528 et
3461 2453 3749 2555 perinde
3814 2463 4027 2556 atque
4085 2455 4429 2532 actionem

1369 2599 1788 2677 organorum
1831 2574 2256 2673 reliquorum
2297 2573 2450 2649 fieri
2498 2574 2885 2650 secundum
2937 2582 3159 2650 certas
3200 2599 3279 2650 ac
3330 2573 3655 2651 definitas
3694 2581 3984 2652 naturae
4028 2576 4242 2676 leges.

1471 2697 1574 2771 Ut
1619 2698 1762 2773 iam
1827 2695 2300 2772 discernamus
2367 2701 2717 2794 quatenus
2780 2694 3163 2795 disciplinis
3235 2695 3537 2796 physicis
3592 2695 3979 2772 secundum
4032 2696 4310 2772 solitam
4358 2697 4429 2770 in

1236 2815 1247 2818 ’
1374 2819 1546 2919 ipsis
1585 2815 2124 2919 argumentandi
2167 2813 2348 2890 viam
2365 2873 2388 2904 ,
2451 2816 2565 2890 ius
2612 2821 2963 2916 competat
3002 2815 3345 2892 actionem
3386 2815 3679 2915 psyches
3723 2823 3799 2891 et
3848 2816 4199 2894 actionem
4248 2841 4429 2893 cere·

1372 2939 1486 3014 bri
1531 2962 1672 3015 non
1721 2937 2026 3013 diversas
2077 2959 2190 3011 res
2231 2934 2358 3010 sed
2411 2957 2629 3010 unam
2676 2933 3111 3032 eandemque
3154 2932 3461 3009 habendi
3482 2991 3504 3024 ,
3554 2979 3655 2996 --
3700 2935 4007 3036 negandi
4066 2935 4431 3014 cerebrum

1371 3085 1524 3136 esse
1563 3067 1843 3136 tanturn
1885 3080 2194 3158 organon
2237 3055 2499 3132 altioris
2540 3054 2905 3132 cuiusdam
2951 3054 3273 3156 principii
3290 3113 3311 3144 ,
3364 3053 3554 3154 quod
3604 3056 3909 3156 psychen
3966 3081 4240 3133 vocare
4260 3057 4429 3133 sele·

1371 3205 1565 3270 mus,
1613 3179 1922 3279 primum
1965 3177 2328 3253 sciendum
2371 3185 2479 3254 est
2494 3235 2515 3268 ,
2566 3177 2739 3277 qnid
2795 3177 2886 3252 de
2943 3177 3225 3253 cerebro
3290 3176 3582 3276 eiusque
3632 3201 3797 3254 cum
3844 3175 4173 3277 psychica
4214 3177 4431 3254 facul-

1371 3307 1518 3374 tate
1563 3321 1756 3373 nexu
1797 3297 2214 3372 noverimus.

1470 3418 1850 3493 Anatomia
1891 3423 2288 3516 comparata
2330 3416 2535 3493 docet
2594 3416 2670 3490 in
2718 3416 3005 3492 diversis
3046 3417 3453 3494 animalium
3514 3417 3854 3493 classibus
3904 3415 4199 3494 actiones
4252 3439 4421 3515 psy-

1377 3537 1608 3614 chicas
1651 3561 1736 3614 eo
1781 3536 2008 3638 magis
2053 3535 2285 3637 vigere
2335 3543 2408 3612 et
2453 3534 2875 3612 multifarias
2918 3557 3069 3612 esse
3088 3594 3110 3627 ,
3159 3561 3301 3638 quo
3353 3539 3579 3639 magis
3624 3537 3983 3614 cerebrum
4044 3535 4137 3612 sit
4182 3536 4421 3612 evolu-

1375 3669 1532 3736 tum
1553 3717 1574 3750 ,
1645 3683 1787 3759 quo
1839 3657 2068 3759 magis
2118 3657 2405 3756 quidem
2458 3656 3003 3758 hemisphaeriae
3066 3658 3331 3734 cerebri
3374 3658 3793 3734 cerebellum
3854 3655 4291 3758 contegentia
4344 3657 4425 3734 in

1371 3781 1818 3880 posteriorem
1879 3785 2150 3879 partem
2202 3778 2563 3878 prominen
2571 3785 2619 3856 t.
2719 3779 2809 3852 In
2874 3777 3155 3854 homine
3174 3837 3195 3868 ,
3262 3777 3339 3854 in
3390 3803 3533 3878 qno
3585 3779 3719 3856 hae
3764 3777 4070 3856 actiones
4124 3776 4429 3854 maxime

1373 3903 1686 3992 elucent,
1759 3899 2122 3977 cerebrum
2193 3898 2448 3976 habere
2508 3897 2841 3977 fabricam
2900 3899 3243 3975 eiusmodi
3265 3957 3287 3990 ,
3358 3908 3441 3974 ut
3488 3899 3643 4000 gyri
3703 3899 3949 3999 organi
4004 3897 4151 3974 sint
4200 3898 4428 3975 multo

1375 4021 1604 4119 magis
1643 4020 2046 4119 compositi,
2095 4021 2483 4111 numerosi,
2528 4020 2972 4120 irregulares,
3022 4045 3235 4121 quam
3272 4019 3347 4097 in
3380 4021 3667 4097 animali
3701 4019 3837 4096 alio
3878 4019 4129 4120 quovis
4146 4077 4169 4109 ,
4210 4018 4421 4095 etiam

1373 4139 1768 4215 intellectus
1817 4139 2142 4216 facultate
2191 4165 2356 4239 prae
2411 4141 2697 4240 reliquis
2743 4141 3136 4217 excellente.

1471 4261 1676 4352 Quod
1723 4259 1972 4336 attinet
2037 4258 2132 4335 ad
2191 4260 2747 4359 magnitudinem
2818 4260 3079 4336 cerebri
3143 4261 3445 4336 hominis
3462 4319 3483 4350 ,
3546 4285 3635 4336 ex
3680 4260 4047 4360 permultis
4099 4259 4418 4335 observa-

1371 4380 1682 4458 tionibus
1751 4379 2001 4479 liquet,
2075 4378 2358 4454 solitum
2421 4380 2575 4455 eius
2637 4380 2913 4480 pondus
2972 4406 3123 4458 esse
3184 4382 3399 4458 trium
3450 4380 3781 4456 librarum
3832 4379 3941 4456 vel
3992 4379 4209 4456 trium
4255 4403 4415 4454 cum

1373 4501 1695 4591 semisse3
1783 4501 1908 4576 sed
1978 4499 2400 4576 adnotarunt
2468 4500 2828 4576 cerebrum
2896 4501 3345 4578 illustrissimi
3424 4502 3771 4577 Cuvrnmr
3837 4508 4139 4601 quatuor
4204 4499 4419 4576 libras

1365 4622 1672 4720 pondere
1717 4621 2185 4722 superavisse3
2231 4621 2406 4698 dum
2463 4622 2741 4722 pondus
2788 4623 3051 4699 cerebri
3102 4623 3439 4723 atrophici
3478 4621 3645 4699 facti
3694 4629 3941 4722 poetae
3984 4618 4413 4698 celeberrimi

1370 4740 1688 4816 Lamvrr
1707 4799 1728 4830 ,
1776 4743 1900 4842 qui
1947 4751 2106 4844 post
2151 4743 2407 4820 mentis
2447 4743 3051 4845 perturbationum
3116 4745 3443 4846 stupidus
3497 4742 3707 4835 obiit,
3756 4742 3876 4818 vix
3919 4741 4213 4820 duarum
4258 4747 4413 4816 erat

1201 4885 1206 4890 ·
1371 4859 1726 4937 librarum.
