4934 6184
1742 711 2301 782 ORATIO.
3449 709 3536 774 17

501 922 779 1000 obviam
836 925 1015 1000 itum
1092 929 1218 1000 est.
1317 924 1405 998 In
1467 921 1698 997 media
1757 923 2118 1022 metropoli
2181 927 2395 997 noctu
2463 941 2677 1017 opaea
2723 922 2794 992 et
2840 916 2950 991 vel
2997 915 3086 990 de
3139 915 3370 992 medio
3417 915 3532 992 die
3581 1023 3589 1028 .

512 1045 840 1120 colluvies
898 1045 1125 1120 omnis
1186 1043 1459 1145 generis
1510 1043 1937 1118 nebulonum
1986 1043 2267 1143 flagitiis
2322 1040 2466 1115 suis
2513 1038 2716 1114 trivia
2769 1045 2840 1111 et
2887 1036 3226 1137 emporia,
3276 1036 3425 1112 luto
3466 1045 3537 1112 et

505 1189 719 1240 coeno
762 1172 833 1239 et
886 1165 1097 1240 nullis
1136 1189 1279 1240 non
1326 1162 1645 1239 sordibus
1686 1164 2071 1263 squalentia
2086 1222 2107 1253 ,
2176 1160 2586 1237 conturbare
2623 1159 2910 1258 impune
2956 1156 3220 1232 solebat
3261 1157 3384 1251 ⁴²).
3435 1201 3537 1218 -

505 1285 873 1363 Quantum
919 1292 1273 1362 mutatum
1321 1283 1412 1359 ab
1452 1283 1573 1359 illo
1611 1283 1751 1359 iam
1802 1285 2118 1385 splendet
2161 1283 2371 1357 huius
2415 1281 2567 1356 aevi
2611 1278 3014 1354 Londinum
3034 1334 3056 1368 ,
3105 1278 3297 1376 quod

1271 1467 1290 1486 .
1331 1467 1350 1486 .
1392 1466 1411 1485 .
1448 1429 1665 1486 tantum
1703 1425 1838 1486 alias
1874 1427 2021 1486 inter
2060 1429 2223 1506 caput
2261 1421 2457 1484 extulit
2495 1423 2660 1483 urbes

1270 1527 1559 1590 Quantum
1594 1529 1747 1588 lenta
1786 1529 1967 1588 solent
2003 1527 2151 1588 inter
2188 1527 2423 1590 viburna
2461 1524 2702 1606 cupressi
2740 1523 2842 1604 ⁴⁸)1

603 1881 859 1956 Vereor
879 1939 902 1970 ,
966 1883 1057 1960 A.
1096 1883 1197 1959 H.
1220 1943 1243 1974 ,
1308 1891 1391 1958 ut
1436 1907 1655 1982 aeque
1704 1889 1901 1981 grata
1950 1889 2021 1956 et
2060 1888 2341 1981 accepta
2386 1905 2467 1956 ac
2516 1879 2871 1979 superiora
2909 1878 3120 1974 ¹vobis
3173 1880 3312 1954 sint
3360 1904 3537 1979 quae

504 2025 691 2075 nunc
755 2026 843 2076 ex
912 2010 1189 2078 auctore
1260 2010 1501 2078 nostro
1565 2002 1990 2077 excitaturus
2056 2025 2233 2076 sum.
2333 2000 2462 2074 Ille
2519 2000 2708 2074 enim
2769 2000 2857 2074 de
2901 2000 3133 2075 indole
3178 2000 3419 2100 populi
3470 2008 3544 2075 et

508 2120 819 2195 moribus
864 2146 1215 2224 exponens
1232 2181 1255 2212 ,
1304 2122 1546 2198 laudes
1587 2147 1748 2197 suas
1783 2122 2138 2196 interdum
2176 2120 2515 2220 vituperio
2559 2127 2938 2220 temperat3
2989 2121 3080 2198 ad
3130 2121 3261 2196 1106
3282 2180 3303 2211 ,
3353 2121 3544 2220 quod

504 2248 779 2314 nosmet
817 2241 955 2340 ipsi
996 2242 1240 2318 honori
1274 2250 1549 2316 ‘vertere
1597 2241 1899 2316 solemus
1942 2241 2105 2317 huic
2144 2240 2439 2315 subinde
2485 2241 2718 2340 paullo
2757 2240 2952 2316 aliter
2993 2241 3332 2341 apparuit.
3405 2241 3542 2315 Po-

504 2369 759 2436 stremo
780 2417 802 2450 ,
872 2371 1077 2436 omne
1132 2362 1374 2462 populi
1440 2362 1800 2461 ingenium
1823 2420 1845 2451 ,
1912 2360 2200 2435 virtutes
2262 2368 2336 2435 et
2401 2360 2568 2436 vitia
2585 2419 2608 2450 ,
2674 2361 2998 2459 primario
3053 2360 3301 2435 tribuit
3370 2361 3544 2436 coeli

505 2480 771 2580 solique
814 2483 1208 2581 asperitatiz
1260 2483 1448 2556 unde
1492 2483 1553 2558 si
1594 2483 1763 2558 haec
1804 2482 2317 2556 excusationem
2366 2488 2601 2579 petere
2646 2505 2848 2579 posse
2899 2480 3286 2570 videantur,
3337 2481 3548 2556 simul
3605 2519 3608 2526 ·

502 2600 639 2675 illis
700 2625 906 2677 omne
924 2660 945 2693 ‚
1020 2603 1081 2677 si
1130 2602 1305 2702 quid
1353 2612 1459 2677 est
1477 2660 1500 2691 ,
1561 2602 1903 2702 gloriandi
1949 2609 2441 2705 argumentum
2497 2600 2818 2675 demitur.
2918 2600 3071 2675 Nec
3117 2625 3236 2675 vos
3277 2601 3502 2700 fugiet
3524 2659 3548 2690 ‚
3629 2683 3636 2690 .

506 2719 854 2818 siquidem
926 2747 1083 2796 vere
1158 2723 1533 2799 arbitratus
1610 2730 1717 2798 est
1786 2730 2021 2797 noster
2044 2779 2065 2811 ,
2139 2747 2219 2796 ea
2238 2781 2259 2810 ,
2332 2714 2514 2818 quae
2565 2719 2680 2793 ille
2729 2720 2816 2793 de
2867 2719 3246 2797 maioribus
3291 2721 3546 2796 nostris

507 2838 753 2925 refert,
823 2841 1221 2914 etiamnunc
1267 2842 1492 2915 valere
1539 2841 1790 2914 debere
1844 2842 1932 2913 de
1982 2840 2388 2938 aequalibus
2408 2890 2431 2930 ‚
2481 2837 3047 2934 quandoquidem
3098 2864 3226 2913 1166
3275 2841 3548 2914 coelum

505 2981 635 3031 nec
715 2957 940 3030 solum
1009 2965 1370 3033 mutarunt
1432 2965 1773 3034 naturam.
1892 2957 2037 3032 Vos
2104 2957 2319 3056 igitur
2382 2955 2650 3031 iudices
2667 3012 2688 3045 ‚
2755 2954 3026 3054 etiamsi
3089 2955 3164 3030 in
3217 2980 3295 3032 re
3355 2957 3552 3033 haud

508 3075 732 3151 aliena
750 3129 771 3163 ,
819 3075 1034 3173 aequi
1082 3083 1325 3153 estote.
3413 3141 3419 3156 .

605 3196 771 3270 Νο11
836 3203 944 3270 est
962 3254 985 3285 ,
1060 3203 1143 3270 ut
1206 3197 1299 3271 ad
1365 3197 1652 3272 verbum
1720 3197 2010 3273 referam
2070 3222 2250 3297 quae
2312 3197 2535 3272 multa
2579 3196 2914 3272 Tnnrnro
2967 3196 3413 3296 disputantur
3461 3197 3549 3272 de

510 3315 721 3391 huius
786 3316 1017 3415 gentis
1064 3317 1400 3416 gravitate
1420 3377 1441 3406 ,
1502 3317 1899 3417 frugalitate
1955 3326 2026 3392 et
2080 3317 2422 3406 industria
2442 3376 2465 3407 ‚
2529 3316 2700 3392 deve
2747 3318 3172 3391 Batavorum
3212 3317 3552 3393 libertatis

512 3460 743 3512 amore
795 3445 867 3510 et
922 3437 1210 3535 antiqua
1252 3436 1664 3512 fortitudine
1684 3495 1705 3528 ‚
1756 3439 1917 3514 11661
1963 3438 2140 3513 hanc
2189 3444 2611 3538 postremam
2662 3437 2804 3512 otio
2846 3448 2917 3512 et
2965 3436 3320 3537 opulentia
3351 3438 3548 3536 paul·

516 3556 713 3631 latim
766 3564 1157 3632 enervatam
1202 3581 1353 3632 esse
1394 3565 1669 3633 censeat
1706 3560 1834 3652 4⁴).
1934 3560 2075 3634 Sed
2116 3559 2203 3633 de
2248 3557 2585 3632 libertatis
2629 3557 2747 3632 illo
2794 3582 3023 3662 amore
3059 3557 3160 3632 ita
3204 3558 3554 3658 eleganter

514 3675 682 3750 dicit
705 3678 843 3769 ⁴⁵):
918 3677 1157 3751 Talem
1199 3701 1349 3751 esse
1367 3734 1388 3765 ,
1426 3685 1506 3752 ut
1542 3678 1667 3777 qui
1703 3703 2066 3777 nunquam
2100 3655 2482 3777 tyrannum*
2507 3677 2681 3751 ferre
2703 3677 3092 3776 potuissent
3114 3684 3347 3751 tamen
3369 3677 3550 3752 ultro

514 3820 587 3870 se
642 3796 1061 3871 submittant
1105 3796 1379 3896 legibus
1424 3796 1663 3896 patriis
1682 3855 1703 3887 ‚
1768 3799 2085 3896 quamvis
2128 3798 2319 3872 duris
2342 3855 2364 3889 ,
2413 3804 2485 3871 et
2527 3796 3050 3895 magistratibus
3099 3796 3550 3895 popularibus

516 3914 699 3989 dicto
761 3915 901 3989 sint
962 3915 1325 3991 audientes
1346 3974 1369 4005 ‚
1442 3918 1762 4014 quamvis
1833 3919 2084 3992 severis
2104 3975 2125 4008 ‚
2196 3942 2325 3992 1166
2352 3939 2359 3948 ·
2384 3925 2705 3992 recusent
2767 3915 3024 3989 solvere
3067 3915 3430 3989 innumera
3479 3925 3550 3989 et

514 4033 917 4130 gravissima
983 4034 1247 4110 tributa
1265 4095 1286 4126 ,
1364 4037 1597 4136 qualia
1662 4061 2025 4136 nunquam
2096 4043 2257 4111 ante
2332 4037 2620 4111 tolerare
2695 4035 3110 4125 voluissent3
3185 4033 3308 4108 sed
3381 4033 3549 4110 haec

514 4153 747 4228 omnia
819 4155 965 4251 pati
1036 4157 1368 4256 quoniam
1434 4166 1865 4254 compertum
1927 4157 2268 4247 habeant,
2332 4155 2708 4254 unicuique
2773 4157 3034 4254 pariter
3079 4161 3314 4253 patere
3367 4155 3552 4229 viam

516 4273 607 4346 ad
670 4297 979 4348 summos
1042 4277 1118 4350 in
1182 4277 1456 4352 civitate
1516 4277 1807 4352 honores
1826 4335 1847 4366 ,
1914 4301 2294 4377 omnesque
2341 4276 2666 4376 perinde,
2717 4275 3134 4374 imperantes
3188 4275 3506 4371 civesque
3528 4330 3549 4360 ,

515 4418 640 4492 pro
687 4393 1130 4468 facultatibus
1180 4397 1255 4469 111
1295 4421 1531 4484 onera,
1558 4396 1862 4471 conferre
1884 4454 1907 4485 ‚
1954 4422 2085 4472 nec
2134 4398 2273 4472 ullo
2326 4396 2684 4496 privilegio
2728 4419 3152 4494 quemquam
3195 4393 3333 4467 frui
3351 4451 3372 4482 ,
3424 4415 3550 4466 nec

516 4511 811 4611 pecunia
859 4511 933 4584 in
983 4512 1295 4611 publicos
1344 4540 1514 4588 usus
1568 4500 1959 4624 comparata
2004 4516 2211 4592 ditari
2253 4516 2553 4615 privatos
2571 4572 2592 4604 ,
2642 4515 2956 4589 homines
3003 4537 3211 4586 vanos
3230 4568 3251 4599 ,
3299 4511 3548 4585 immo-

448 4637 455 4644 ’
518 4633 749 4706 destos
772 4689 793 4720 ,
860 4631 1245 4706 luxuriosos
1317 4641 1762 4726 (mementote
1810 4644 2045 4710 autem
2068 4695 2089 4724 ,
2138 4641 2227 4712 A.
2277 4637 2368 4710 A.
2392 4690 2414 4723 ,
2462 4659 2676 4732 quam
2733 4634 2937 4730 longe
2993 4630 3260 4738 diversa
3307 4630 3548 4706 eadem

516 4757 739 4824 aetate
805 4750 879 4824 in
952 4751 1315 4828 Britannia
1381 4760 1716 4852 regnante
1782 4755 2087 4828 Cancro
2144 4755 2225 4827 II
2285 4753 2461 4827 ratio
2513 4751 2751 4846 fuerit)
2774 4809 2796 4843 ,
2849 4750 2972 4838 sed
3014 4758 3240 4827 totam
3287 4751 3548 4826 sincere

514 4869 825 4968 impendi
872 4870 947 4946 in
993 4871 1447 4972 Reipublicae
1496 4871 1942 4950 securitatem
1989 4878 2060 4948 et
2108 4869 2416 4972 gloriam.
