4934 6184
1305 647 1391 716 98
2482 642 3163 711 LunnALL

1303 857 1647 942 caveatur,
1679 875 1770 928 ne
1811 851 2078 928 codices
2119 850 2260 926 iam
2303 849 2577 928 dudum
2622 851 2861 952 scripti
2894 847 3334 954 irreparabile
3372 847 3953 949 iurisprudentiae
3998 821 4337 930 damnum
4379 956 4384 960 ἢ

1297 973 1572 1050 allaturi
1633 997 1782 1050 esse
1839 972 2250 1046 videantur?

1397 1213 1825 1311 Perpetuum
1889 1213 2126 1310 itaque
2185 1212 2416 1312 cogito
2480 1212 2651 1288 iuris
2710 1210 3105 1312 interpretis
3123 1268 3143 1300 ,
3212 1216 3625 1312 perpetuum
3691 1211 3862 1285 item
3928 1211 4341 1312 legislatoris

1298 1330 1600 1408 officium
1621 1391 1640 1420 ,
1680 1355 1906 1408 unum
1945 1339 2178 1407 tamen
2217 1355 2304 1408 eo
2343 1333 2627 1410 nomine
2664 1332 2753 1408 ab
2796 1332 3013 1408 altero
3058 1331 3406 1408 diversum
3423 1389 3446 1422 ‚
3495 1331 3687 1431 quod
3725 1330 3915 1406 illius
3952 1331 4045 1408 sit
4085 1332 4337 1424 doetri-

1295 1476 1427 1527 nae
1476 1452 1738 1528 lumine
1781 1452 2056 1550 singula
2097 1452 2268 1528 iuris
2310 1452 2459 1529 loca
2500 1452 2877 1541 illustrare,
2926 1449 3375 1550 singulosque
3418 1449 3738 1525 codicum
3780 1472 4072 1538 naevos,
4122 1450 4287 1526 vitia
4311 1509 4335 1540 ‚

1295 1573 1577 1648 lacunas
1627 1572 1988 1648 ostendere
2010 1630 2031 1662 ,
2094 1571 2306 1652 huius
2355 1597 2515 1650 vero
2570 1571 2919 1670 duplicem
2971 1568 3449 1669 quaestionem
3503 1568 3807 1668 agitare:
3860 1569 4149 1646 alteram
4170 1623 4192 1662 ‚
4243 1595 4335 1646 an

1291 1692 1434 1768 iam
1493 1691 1660 1768 satis
1709 1693 1798 1766 de
1847 1690 2000 1791 ipso
2058 1691 2224 1766 vitio
2269 1691 2497 1791 deque
2544 1691 2929 1767 medicinae
2974 1688 3412 1767 adhibendae
3464 1688 3983 1792 opportunitate
4022 1695 4333 1779 constet3

1293 1813 1580 1888 alteram
1601 1869 1622 1902 ‚
1671 1813 1878 1912 quale
1919 1811 2206 1888 tandem
2245 1811 2723 1890 adhibendum
2768 1809 3157 1886 remedium
3200 1809 3295 1884 sit
3309 1867 3331 1898 ,
3388 1833 3479 1884 ne
3522 1809 3635 1886 ius
3680 1807 4021 1908 scriptum
4064 1809 4157 1886 ab
4200 1810 4335 1885 alio

1289 1933 1366 2007 in
1409 1933 1604 2009 aliud
1651 1956 1850 2009 ruere
1892 1932 2142 2008 vitium
2191 1930 2639 2030 periclitetur.
2738 1929 2853 2004 Ita
2898 1949 3039 2002 non
3088 1933 3346 2002 temere
3390 1931 3464 2002 et
3506 1926 3784 2002 incaute
3850 1951 4115 2002 novum
4170 1951 4329 2003 con·

1291 2050 1494 2126 tinuo
1552 2051 1665 2124 ius
1725 2050 2132 2124 conditurus
2152 2106 2172 2137 ,
2241 2048 2364 2124 sed
2423 2071 2553 2122 suo
2608 2046 2811 2144 quasi
2868 2045 3027 2120 stilo
3080 2045 3611 2122 confirmaturus
3672 2053 3779 2122 est
3796 2104 3818 2136 ,
3868 2046 4061 2146 quod
4108 2071 4333 2124 mores

1297 2171 1604 2269 primum
1669 2169 2112 2270 agnoverint,
2173 2174 2296 2244 aut
2354 2166 2687 2266 temporis
2735 2164 2908 2241 ratio
2956 2165 3097 2240 iam
3147 2163 3417 2240 dudum
3470 2165 3967 2266 efflagitaverit.
4062 2167 4329 2244 Praeci-

1294 2312 1483 2387 puus
1521 2295 1758 2362 autem
1799 2288 1992 2363 labor
2035 2286 2209 2362 iuris
2249 2285 2615 2386 interpreti
2660 2285 2737 2360 in
2786 2308 2871 2360 eo
2917 2283 3186 2384 positus
3234 2291 3341 2360 est
3357 2343 3379 2376 ,
3422 2291 3506 2360 ut
3554 2286 3930 2384 practicam
3975 2285 4149 2386 legis
4189 2288 4329 2362 effi-

1289 2407 1654 2484 cacitatem
1691 2409 1857 2484 satis
1885 2414 2068 2486 recte
2101 2408 2444 2508 pleneque
2474 2410 2873 2506 cognoseat3
2900 2403 3277 2504 legislatori
3308 2405 3384 2478 in
3413 2403 3576 2496 hoc,
3606 2413 3687 2482 ιιι
3714 2406 3961 2482 morbo
3986 2407 4330 2508 propriam

1285 2535 1361 2601 et
1405 2528 1890 2628 tempestivam
1943 2527 2360 2605 medicinam
2412 2525 2741 2602 adhibeat
2752 2559 2774 2616 3
2842 2523 3122 2624 utrique
3166 2525 3558 2602 communis
3602 2525 3797 2602 labor
3817 2584 3840 2617 ‚
3890 2534 3973 2602 ut
4030 2526 4332 2602 universi

1285 2647 1458 2723 iuris
1503 2649 1742 2748 scripti
1774 2655 1988 2748 atque
2021 2672 2164 2724 non
2191 2647 2429 2748 scripti
2475 2645 2819 2740 ambitum
2842 2699 2865 2734 ,
2912 2641 3219 2722 indolem
3248 2651 3321 2720 et
3364 2645 3718 2723 historiam
3770 2645 3873 2722 ita
3914 2645 4330 2747 perspiciant

1283 2775 1367 2842 ut
1427 2767 1722 2867 singulis
1781 2768 2052 2868 placitis
2117 2791 2328 2844 suum
2389 2765 2889 2866 propriumque
2944 2763 3175 2840 locum
3228 2763 3641 2864 adsignent,
3704 2773 3918 2866 atque
3965 2767 4067 2842 ita
4086 2823 4109 2854 ‚
4159 2765 4329 2842 dum

1283 2887 1580 2988 singulis
1623 2888 1942 2988 partibus
1985 2887 2449 2975 subveniunt,
2500 2884 2895 2962 universam
2932 2882 3105 2960 iuris
3144 2884 3589 2983 prudentiam
3607 2944 3627 2977 ,
3678 2911 3835 2964 vere
3877 2887 4010 2963 hoc
4050 2886 4329 2962 nomine

1285 3005 1574 3107 dignam
1625 3007 1898 3097 colant,
1947 3003 2264 3097 foveant,
2313 3006 2691 3082 emendent
2735 3011 2811 3080 et
2856 3003 3301 3103 amplificent.

1379 3125 1733 3225 Eqmdem
1783 3127 1924 3203 scio
1942 3185 1964 3216 ,
2011 3127 2212 3204 AA.1
2261 3149 2477 3226 quam
2538 3125 2675 3200 late
2734 3124 2847 3201 hic
2900 3132 3135 3224 pateat
3198 3147 3487 3226 campus
3506 3182 3528 3215 ,
3580 3125 3705 3200 sed
3768 3124 3960 3204 idem
4013 3126 4147 3202 hoc
4188 3149 4327 3202 non

1282 3245 1527 3342 ignoro
1546 3304 1569 3335 ‚
1615 3269 1758 3322 non
1808 3245 1950 3322 nisi
1998 3245 2088 3320 de
2135 3245 2222 3320 iis
2270 3245 2444 3322 iuris
2487 3243 2836 3345 capitibus
2884 3243 3201 3321 ferendas
3252 3267 3404 3319 esse
3457 3245 3645 3346 leges
3702 3246 4163 3344 suppletorias
4220 3246 4327 3323 vel

1285 3364 1783 3440 emendatrices
1797 3423 1820 3456 ‚
1885 3366 1973 3439 de
2036 3389 2336 3463 quarum
2395 3364 2697 3440 utilitate
2753 3371 2879 3440 aut
2940 3364 3346 3442 necessitate
3389 3363 3595 3462 plane
3648 3366 4061 3442 constiterit.
4161 3369 4323 3446 Quo

1286 3484 1567 3559 nomine
1627 3484 1819 3560 aliud
1866 3485 2148 3560 omnino
2196 3510 2239 3562 a
2285 3484 2675 3585 legislatore
2724 3485 3055 3584 praestari
3098 3485 3253 3562 volo
3274 3543 3297 3576 ,
3346 3507 3561 3582 quam
3614 3486 3807 3584 quod
3854 3487 4065 3586 vulgo
4108 3485 4199 3562 ab
4240 3510 4323 3560 eo

1285 3605 1678 3701 postulatur
1693 3662 1716 3695 ‚
1785 3612 1868 3679 ut
1929 3627 2180 3704 nempe
2247 3604 2436 3704 leges
2506 3605 2761 3680 condat
2830 3605 3041 3680 etiam
3108 3606 3199 3680 de
3258 3604 3345 3680 iis
3395 3607 3827 3706 argumentis
3842 3663 3865 3696 ‚
3930 3606 4021 3681 de
4068 3605 4323 3706 quibus

1286 3747 1378 3798 ne
1425 3723 1608 3799 inter
1652 3724 1906 3800 doctos·
1933 3724 2218 3824 quidem
2271 3731 2577 3814 constet,
2626 3749 2839 3824 quem
2886 3724 2963 3800 in
3012 3724 3303 3800 modum
3352 3723 3747 3803 definienda
3790 3727 3953 3804 siut.

1387 3841 1572 3918 Mihi
1629 3844 1910 3943 quidem
1931 3903 1954 3934 ‚
2015 3845 2210 3921 AA.l
2265 3869 2404 3920 non
2467 3845 2696 3944 placet
2726 3913 2731 3916 .
2759 3868 3095 3922 novarum
3154 3844 3393 3945 legum
3450 3846 3765 3922 studium
3786 3902 3807 3935 ‚
3858 3845 3993 3919 etsi
4034 3842 4319 3918 fortasse

1289 3962 1442 4060 ipsa
1477 3964 1630 4062 lege
1675 3965 2178 4040 fundamentali
2225 3965 2366 4040 iam
2413 3964 2837 4042 declaratum
2854 4023 2876 4056 ,
2926 3965 3117 4064 quod
3150 3974 3563 4066 argumenta
3605 3971 3870 4065 spectet
3916 3963 4097 4042 circa
4140 3986 4317 4062 quae

1289 4080 1720 4156 desideratur
1767 4083 1994 4158 adhuc
2043 4085 2431 4160 communis
2479 4086 2840 4162 doctorum
2878 4085 3112 4187 opinio
3140 4094 3237 4162 ,οι
3278 4095 3444 4187 quot
3484 4089 3715 4186 capita
3730 4143 3750 4174 ,
3800 4093 3905 4160 tot
3944 4085 4317 4194 senteqatme

1289 4221 1494 4299 saepe
1536 4206 1724 4276 sunt.
1821 4201 2047 4300 Leges
2089 4205 2365 4300 requiro
2388 4262 2408 4292 ,
2459 4228 2639 4303 quae
2682 4230 2723 4280 e
2766 4206 3077 4282 moribus
3128 4207 3299 4307 ipsis
3356 4207 3560 4306 quasi
3612 4213 3857 4305 sponte
3904 4211 4276 4282 nascantur
4294 4259 4314 4290 ,

1289 4341 1472 4417 quae
1495 4376 1515 4407 ,
1567 4327 1651 4393 ut
1699 4319 1896 4395 facile
1967 4321 2442 4421 perferuntur,
2498 4323 2599 4398 ita
2664 4326 2877 4400 semel
2938 4326 3355 4402 constitutae
3399 4326 3767 4427 diligenter
3828 4325 4280 4401 observantur
4293 4378 4314 4410 ,

1281 4438 1472 4538 leges
1530 4438 1686 4514 dico
1739 4439 1910 4515 tales
1929 4498 1950 4530 ,
2002 4467 2180 4541 quae
2227 4443 2675 4532 confirment,
2723 4444 2915 4543 quod
2972 4445 3221 4524 harum
3270 4471 3505 4526 rerum
3548 4445 3790 4546 peritis
3852 4443 3994 4519 iam
4038 4442 4313 4517 dudum

1287 4581 1590 4657 aequum
1643 4567 1769 4636 aut
1831 4563 2294 4638 necessarium
2367 4563 2593 4640 visum
2640 4563 2751 4642 sit.
2851 4565 2940 4641 In
2990 4565 3099 4642 his
3151 4572 3386 4646 autem
3431 4567 3751 4646 codicum
3798 4561 4193 4642 emendatio
4239 4567 4315 4634 et

1289 4677 1632 4776 suppletio
1695 4680 2000 4778 primum
2061 4681 2258 4760 facile
2305 4683 2535 4760 locum
2582 4684 2921 4762 obtinent.
3914 4677 3917 4680 ⁹
