4934 6184
1792 683 2350 777 οιιᾼτιο.
3457 684 3582 751 127

546 892 881 995 separatis
918 892 1119 969 deest
1161 898 1273 982 et,
1316 896 1399 969 ιιι
1425 890 1991 994 philosophorum
2032 894 2106 971 in
2134 892 2422 970 Graecia
2438 950 2459 981 ‚
2495 890 2594 969 sic
2635 892 2899 969 Romae
2941 892 3582 970 iurisconsultorum

544 1014 839 1115 insignis
888 1014 1108 1089 oritur
1162 1012 1621 1089 existimatio:
1686 1014 1876 1114 apud
1923 1013 2309 1091 Orientales
2368 1012 2756 1088 arctissima
2800 1014 3236 1089 necessitudo
3285 1012 3586 1088 familiae

544 1140 621 1210 et
657 1134 883 1209 tribus
927 1135 1267 1233 cuiusque
1310 1132 1573 1209 finibus
1616 1134 2007 1211 continetur
2026 1194 2049 1225 ,
2088 1134 2279 1235 apud
2309 1134 2610 1209 Graecos
2654 1138 2728 1207 et
2769 1132 3121 1208 Romanos
3169 1132 3410 1208 eadem
3461 1134 3587 1209 hos

542 1238 715 1329 fines
776 1278 1051 1354 egressa
1065 1313 1088 1344 ,
1152 1253 1377 1353 ipsam
1432 1255 1911 1356 complectitur
1955 1255 2303 1330 civitatem
2322 1287 2344 1327 e
2395 1254 2531 1327 illis
2575 1251 2868 1352 grandia
2909 1259 2982 1325 et
3019 1252 3388 1351 magnifica
3439 1252 3582 1351 pla-

540 1384 740 1462 cent,
818 1372 1069 1449 Graeci
1138 1398 1371 1449 amore
1434 1374 1707 1475 pulchri
1765 1380 2121 1475 praestant
2140 1432 2161 1463 ,
2232 1373 2433 1449 cuius
2499 1371 2641 1445 vim
2707 1371 3014 1447 nativam
3083 1371 3420 1459 Romani,
3495 1373 3584 1446 ad

540 1494 896 1592 agendum
962 1493 1259 1593 aptiores
1329 1518 1541 1593 quam
1588 1494 1681 1571 ad
1732 1494 2225 1570 inveniendum
2250 1552 2273 1583 ‚
2330 1492 2524 1567 nulla
2570 1498 2716 1565 arte
2770 1498 3270 1595 assequuntur,
3331 1492 3454 1565 sed
3512 1491 3587 1567 hi

542 1620 701 1687 tum
756 1638 837 1688 ea
856 1670 877 1701 ‚
942 1638 1121 1711 quae
1184 1614 1604 1689 Graecorum
1663 1614 2149 1690 consuetudini
2184 1620 2498 1711 ·accepta
2559 1611 2906 1701 referunt,
2971 1620 3126 1687 tum
3173 1636 3333 1687 vero
3374 1636 3584 1711 quae-

539 1756 845 1831 cumque
916 1732 1131 1831 digna
1196 1743 1521 1823 censent,
1595 1735 1671 1809 in
1738 1735 1999 1834 quibus
2069 1734 2205 1835 ipsi
2268 1732 2659 1820 elaborent,
2719 1731 2926 1806 latius
2969 1733 3180 1807 etiam
3226 1756 3440 1831 quam
3485 1732 3588 1807 illi

540 1876 673 1927 sua
740 1860 899 1951 post
961 1853 1483 1931 Annxannauu
1538 1854 1995 1930 Macedonem
2061 1854 2472 1954 dispergunt
2529 1860 2600 1925 et
2648 1874 2974 1950 magnam
3019 1852 3205 1927 orbis
3245 1862 3584 1928 terrarum

544 1980 813 2070 partem
896 1973 1250 2047 communi
1323 1974 1613 2051 vinculo·
1670 1975 2125 2075 coniungunt.
2250 1973 2590 2047 Omnium
2661 1971 3096 2070 antiquitatis
3168 1974 3583 2073 populorum

536 2093 929 2168 communis
1000 2101 1109 2167 est
1186 2093 1503 2170 servitus.
1624 2095 1825 2169 Bello
1894 2094 2079 2194 capti
2096 2152 2119 2183 ‚
2192 2118 2279 2168 ex
2339 2090 2605 2168 ancillis
2658 2092 2807 2166 nati
2863 2092 3172 2191 emtique
3226 2117 3336 2167 res
3379 2100 3580 2183 sunt,

542 2236 840 2312 quarum
892 2212 1157 2289 domini
1208 2213 1269 2287 si
1315 2238 1457 2289 non
1506 2238 1779 2315 semper
1818 2222 2162 2315 potestate
2206 2212 2598 2289 abutuntur
2641 2212 2784 2286 sive
2829 2211 3104 2286 lenioris
3149 2212 3286 2311 ipsi
3328 2211 3582 2289 indolis

542 2333 681 2407 sive
726 2334 953 2407 vernis
998 2333 1142 2409 suis
1196 2334 1305 2408 vel
1350 2334 1719 2409 utilissimo
1760 2336 2013 2434 cuique
2063 2357 2267 2409 servo
2298 2341 2658 2433 parcentes
2676 2389 2697 2420 ‚
2745 2356 2995 2433 parum
3041 2357 3244 2421 curo,
3295 2332 3454 2422 sed,
3499 2343 3581 2409 ut

482 2540 505 2557 Ι
536 2452 859 2528 instituta
898 2454 1208 2529 Mosaica
1254 2455 1798 2553 praetermittam
1819 2514 1839 2544 ,
1888 2455 2116 2555 cogito
2160 2453 2696 2529 Atheniensium
2759 2451 2946 2551 leges
2998 2452 3210 2528 servis
3249 2478 3388 2529 non
3439 2477 3582 2527 uno

541 2572 751 2646 modo
813 2558 1307 2672 prospicientes
1369 2582 1443 2649 et
1510 2598 1669 2649 vero
1730 2576 2106 2651 sollennem
2158 2575 2350 2674 apud
2398 2575 2752 2649 Romanos
2803 2596 3154 2649 servorum
3202 2574 3580 2651 manumis-

536 2692 805 2767 sionem
828 2750 847 2781 ,
898 2716 1037 2791 qua
1079 2692 1182 2768 illi
1231 2693 1303 2767 in
1344 2693 1581 2793 ipsum
1624 2696 1801 2771 adeo
1840 2696 2096 2771 civium
2143 2718 2517 2769 numerum
2559 2692 3023 2793 recipiuntur,
3073 2701 3145 2767 et
3185 2694 3581 2769 Praetorem

537 2811 806 2911 cogite,
873 2812 1235 2887 custodem
1279 2814 1647 2912 aequitatis
1666 2872 1688 2904 ,
1735 2815 1927 2891 illam
1972 2822 2293 2891 tuentem
2338 2812 2729 2888 libertatem
2749 2869 2771 2902 ,
2821 2838 3000 2911 quae
3045 2812 3226 2889 facto
3273 2813 3580 2901 domini,

538 2954 680 3005 non
736 2954 895 3015 vero
942 2930 1091 3007 iure
1142 2932 1427 3022 nititur,
1491 2942 1567 3009 et
1617 2934 1875 3011 limites
1921 2934 2074 3010 volo
2090 2993 2111 3024 ‚
2178 2932 2437 3034 quibus
2489 2957 2571 3008 ea
2613 2932 2764 3032 ipsa
2811 2940 3126 3032 potestas
3171 2933 3302 3008 sub
3349 2934 3580 3034 Impe-

538 3049 883 3126 ratoribus
948 3052 1551 3131 circumscribitur.
1670 3055 1867 3131 Haec
1921 3064 2159 3131 utrum
2226 3052 2508 3129 nomine
2569 3058 2848 3129 tantum
2903 3052 3234 3128 differunt
3278 3059 3351 3128 et
3397 3053 3579 3129 eius-

536 3171 701 3245 dem
762 3170 1177 3246 conditicnis
1242 3172 1502 3249 formae
1572 3181 1739 3253 sunt
1798 3175 2023 3255 variae
2041 3235 2062 3265 ,
2128 3198 2217 3251 an
2277 3196 2437 3249 vero
2500 3173 2759 3249 indicia
2809 3180 2976 3249 sunt
3019 3172 3418 3273 multiplicis
3459 3198 3583 3273 per

532 3290 925 3366 seculorum
968 3316 1251 3367 cursum
1296 3292 1389 3368 ad
1428 3294 1780 3373 meliorem
1817 3297 2283 3373 conditionem
2322 3293 2868 3396 progressionis?
2935 3294 3146 3370 Hanc
3189 3293 3496 3369 multum
3538 3320 3580 3369 a

534 3410 949 3510 perfectione
1019 3411 1299 3503 abesse,
1362 3413 1522 3512 quis
1586 3418 1851 3516 negat?
1936 3417 2080 3492 Ubi
2127 3417 2554 3493 cultissimae
2601 3422 2845 3515 gentes
2890 3414 3286 3515 peregrinos
3338 3436 3580 3490 omnes

532 3530 925 3631 despiciunt
978 3539 1052 3608 et
1102 3533 1177 3608 in
1240 3533 1639 3611 civitatibus
1700 3537 1847 3614 suis
1912 3539 2171 3615 multos
2220 3538 2538 3613 inferiore
2591 3536 2740 3611 loco
2785 3536 3048 3635 positos
3093 3535 3464 3635 negligunt
3509 3542 3580 3609 et

534 3651 935 3751 religionem
994 3678 1241 3751 parum
1302 3638 1611 3732 referunt
1674 3658 1767 3734 ad
1832 3660 2107 3736 virtutis
2172 3684 2477 3736 amorem
2544 3659 2618 3733 in
2683 3658 2916 3732 animo
2975 3656 3454 3731 suscitandum
3507 3649 3580 3729 et

530 3772 863 3848 alendum
883 3834 903 3864 ,
953 3774 1077 3849 ibi·
1102 3800 1265 3850 sane
1315 3776 1618 3853 multum
1665 3788 1810 3868 est,
1859 3780 2051 3879 quod
2100 3780 2449 3879 improbes
2472 3836 2494 3869 ,
2515 3778 2992 3875 ,multumque
3031 3778 3268 3865 deest,
3319 3778 3391 3850 in
3437 3800 3578 3874 quo

535 3892 895 3969 civitatum
951 3895 1165 3970 robur
1224 3897 1531 3996 positum
1605 3924 1755 3974 esse
1825 3906 2115 3975 constat.
2236 3900 2434 3975 Haec
2499 3903 2736 3973 autem
2799 3895 2964 3971 vitia
3029 3918 3170 3971 non
3243 3896 3580 3995 fugerunt

540 4009 1018 4087 doctissimum
1047 4014 1347 4089 Petrum
1370 4072 1391 4105 ‚
1454 4016 1913 4093 Onnunwrnn
1962 4016 2512 4095 Alexandrinum
2533 4074 2552 4105 ,
2606 4016 2730 4116 qui
2783 4026 3014 4092 tamen
3035 4075 3056 4105 ,
3103 4014 3537 4117 philosophia
3556 4074 3576 4104 ,

536 4129 807 4228 inquit,
860 4131 957 4207 sic
1003 4134 1335 4225 Graecos,
1386 4144 1469 4211 ut
1536 4136 1649 4211 lex
1710 4134 2102 4225 Hebraeos,
2169 4135 2598 4212 instituendo
2652 4134 2748 4209 ad
2794 4135 3180 4211 Cnms'ruu
3229 4133 3432 4209 duxit
3486 4136 3573 4227 ¹).

538 4248 635 4323 Et
694 4249 1157 4325 memorabilis
1208 4261 1323 4328 est
1378 4253 1651 4329 illorum
1707 4255 2149 4355 Imperatoris
2202 4256 2696 4331 Diochs'rmm
2739 4254 3135 4355 aequalium
3193 4255 3532 4330 sententia
3551 4313 3573 4343 ,

542 4368 667 4466 qui
732 4393 895 4467 prae
959 4378 1269 4448 veterum
1340 4398 1685 4450 sacrorum
1762 4400 1991 4451 amore
2060 4377 2413 4453 Tullianos
2489 4378 2580 4453 de
2653 4378 2925 4454 Natura
2986 4377 3297 4452 Deorum
3359 4374 3572 4447 libros
3717 4388 3721 4393 ’

540 4487 1032 4563 aversabantur
1102 4490 1561 4591 dicebantque
1642 4492 1816 4569 adeo
1836 4552 1855 4581 ‚
1929 4502 2239 4593 oportere
2319 4497 2534 4571 statui
2603 4521 2728 4597 per
2801 4498 3130 4571 Senatum
3151 4553 3174 4585 ,
3249 4500 3330 4568 ut
3400 4492 3570 4567 haec

536 4605 795 4705 scripta
862 4607 1301 4687 abolerentur
1316 4670 1337 4701 ‚
1401 4610 1661 4711 quibus
1740 4616 2130 4691 Christiana
2191 4618 2432 4715 relzyio
2495 4618 3032 4715 comprobaretur
3090 4624 3162 4691 et
3215 4615 3572 4690 vetustatis

616 4871 675 4948 ⁴)
714 4877 915 4935 Stron-
954 4876 1004 4935 1.
1048 4879 1185 4937 282.
