4934 6184
1343 707 1473 774 108
2121 657 2139 680 ”
2519 702 2571 770 1.
2642 697 3196 768 vnnALL

1339 913 1728 1015 perpendit.
1853 909 2059 986 Nonn
2068 909 2242 984 ullos
2305 909 2531 986 fontes
2550 968 2571 999 ,
2642 935 2819 1010 quos
2888 909 3243 986 consulere
3306 914 3376 981 et
3434 911 3796 1006 potuerat,
3866 914 3940 980 et
4000 905 4377 996 debuerat,
4476 919 4481 923 “

1335 1035 1542 1134 plane
1599 1033 1926 1133 neglexit.
2027 1030 2336 1107 Priorem
2385 1029 2673 1130 quidem
2724 1023 3324 1106 commentationis
3373 1035 3641 1127 partem
3678 1026 3903 1102 fusius
3942 1035 4015 1103 et
4066 1028 4377 1127 plenius,

1337 1153 1784 1252 posteriorem
1837 1175 1996 1226 vero
2016 1209 2037 1240 ,
2101 1173 2399 1249 eamque
2453 1151 2839 1250 graviorem
2857 1207 2880 1240 ,
2944 1172 3073 1224 nec
3118 1146 3389 1248 copiose
3408 1207 3429 1239 ,
3489 1155 3565 1222 et
3612 1147 3846 1224 minus
3886 1156 4201 1223 scemate
4252 1173 4375 1223 ex·

1336 1272 1591 1373 posuit.
1695 1274 1890 1347 Inter
1949 1295 2181 1346 rerum
2251 1295 2497 1346 causas
2567 1279 2641 1346 et
2702 1269 2991 1346 effectus
3058 1292 3186 1344 nec
3236 1268 3369 1344 rite
3424 1267 3781 1357 distinxit,
3844 1292 4073 1366 neque
4112 1293 4373 1344 nexum

1335 1393 1463 1467 hos
1507 1391 1688 1468 inter
1729 1401 1940 1492 atque
1990 1390 2144 1465 illas
2191 1389 2735 1466 intercedentem
2757 1449 2778 1480 ,
2830 1388 2997 1466 satis
3044 1387 3454 1489 explanavit.
3556 1387 3770 1464 Porro
3820 1387 4096 1488 singula
4140 1413 4371 1464 exem·

1332 1513 1468 1611 plis
1489 1570 1510 1601 ,
1575 1537 1662 1586 ex
1735 1511 2022 1586 historia
2085 1509 2334 1584 sumtis
2354 1568 2377 1601 ,
2423 1511 2768 1586 illustrare
2830 1533 2913 1585 ac
2958 1508 3402 1607 comprobare
3456 1505 3933 1608 praetermisit.
4032 1507 4373 1583 Latinitas

1335 1631 1638 1731 denique
1711 1655 1992 1730 prorsus
2055 1629 2352 1706 barbara
2412 1640 2521 1704 est
2578 1629 2889 1706 dicenda.
3003 1631 3206 1708 Quae
3272 1651 3494 1728 quum
3546 1627 3647 1703 ita
3704 1627 3845 1702 sint
3864 1685 3885 1716 ,
3932 1627 4325 1727 scriptorem
4350 1687 4372 1716 ,

1334 1753 1493 1828 licet
1565 1761 1846 1850 propter
1912 1749 2329 1825 industriam
2402 1773 2605 1826 suam
2672 1749 2913 1848 reique
2982 1749 3341 1824 scientiam
3408 1747 3500 1824 sit
3572 1746 3963 1824 laudandus
3982 1807 4001 1837 ,
4070 1749 4375 1848 praemio

1329 1880 1565 1948 tamen
1612 1895 1852 1947 ornare
1894 1893 2037 1954 non
2081 1869 2313 1968 potuit
2370 1869 2885 1969 Theologorum
2920 1869 3137 1946 Ordo.
3710 1853 3715 1862 ’

1423 2112 1714 2186 Felicior
1765 2113 1800 2186 s
1801 2111 1902 2186 uit
1963 2109 2622 2186 Iurisconsultorum
2673 2110 2866 2185 Ordo
2885 2167 2906 2198 ,
2974 2108 3177 2185 cuius
3240 2107 3330 2183 de
3377 2109 3603 2184 tribus
3655 2133 3829 2206 quas
3874 2106 4139 2206 accepit
4184 2131 4371 2182 com-

1332 2230 1878 2336 mentationibus
1925 2230 2055 2306 hoc
2103 2237 2212 2305 est
2257 2227 2635 2306 iudicium:

1430 2351 1624 2427 Ordo
1665 2350 2324 2427 Iurisconsultorum
2381 2349 2473 2424 ad
2520 2349 3001 2448 quaestionem
3054 2349 3512 2449 propositam:

1435 2499 1470 2540 n
1494 2469 1640 2548 Qui
1708 2477 1868 2570 post
1918 2470 2304 2546 Hunorum
2371 2470 2721 2544 Gaorwu
2790 2469 2865 2542 in
2924 2469 3171 2568 Belgio
3238 2477 3473 2546 nostro
3536 2469 3707 2544 iuris
3736 2469 4077 2570 ‚gentium
4132 2469 4375 2569 peritia

1337 2621 1375 2660 u
1394 2590 1702 2690 insignes
1751 2590 2012 2665 fuerint
2058 2590 2184 2663 viri
2231 2588 2458 2678 docti,
2519 2587 2763 2664 ordine
2803 2588 3283 2690 chronologico
3330 2598 3851 2679 recenseantur,
3904 2589 4156 2665 deinde
4201 2589 4373 2689 quid

1335 2741 1374 2782 u
1390 2711 1462 2788 in
1517 2709 1861 2809 primariis
1897 2709 2087 2786 illius
2133 2709 2539 2808 disciplinae
2578 2708 2899 2808 partibus
2942 2708 3201 2809 singuli
3242 2709 3711 2810 praestiterint
3729 2767 3750 2796 ,
3798 2711 4250 2810 exponatur.”

1423 2830 1593 2905 Duo
1647 2829 1911 2929 accepit
1959 2853 2324 2928 responsa,
2393 2828 2691 2904 alterum
2756 2827 3171 2928 insignitum
3242 2827 3470 2904 verbis
3527 2827 3865 2904 Bostari
3908 2829 4171 2904 Korn:
4236 2831 4377 2904 nEs

1323 2949 1498 3025 wird
1570 2948 1832 3025 erziihlt
1897 2949 2154 3025 welche
2226 2947 2629 3024 Bearbeiter
2692 2948 2817 3024 des
2884 2948 3151 3024 Faches
3209 2947 3643 3047 aufgetreten
3710 2947 3871 3024 sind
3934 2951 4143 3039 etc.”,
4206 2951 4373 3026 alte-

1323 3095 1484 3146 rum
1545 3071 1872 3146 Gonrnn
1941 3067 2254 3144 versibus
2331 3067 2617 3142 nDamit
2678 3067 2803 3143 Ihr
2864 3068 3043 3146 doch
3115 3093 3230 3144 am
3292 3067 3493 3142 Ende
3564 3067 3761 3156 seht,
3834 3069 3959 3144 das
4016 3093 4093 3144 er
4148 3069 4377 3145 nichts

1331 3222 1366 3262 tt
1387 3199 1544 3289 sagt
1563 3248 1584 3278 ,
1633 3191 1815 3267 et0.”

1425 3309 1748 3388 Quarum
1825 3308 2489 3386 commentationum
2553 3308 2739 3410 prior
2821 3308 2995 3385 adeo
3080 3307 3279 3386 alteri
3364 3307 3771 3386 antecellere
3830 3312 3976 3387 visa
4041 3319 4149 3386 est
4208 3335 4371 3388 cum

1325 3428 1680 3507 luculenta
1753 3429 2146 3527 argumenti
2206 3427 2657 3527 dispositione
2676 3487 2698 3519 ,
2768 3437 2926 3506 tum
2989 3453 3150 3506 vero
3204 3430 3469 3530 ingenii
3522 3431 3841 3506 acumine
3894 3438 3968 3506 et
4023 3430 4331 3507 doctrina
4348 3489 4371 3522 ,

1325 3554 1408 3622 ut
1429 3606 1449 3636 ,
1505 3571 1930 3646 quamquam
1961 3555 2255 3646 uterque
2291 3547 2581 3646 scriptor
2630 3549 2704 3623 in
2750 3555 2893 3624 tam
2947 3549 3179 3650 amplo
3228 3547 3505 3650 lateque
3558 3559 3842 3652 patente
3872 3550 4375 3650 disquisitionis

1324 3667 1688 3742 historicae
1747 3673 1819 3742 et
1865 3665 2233 3742 litterariae
2282 3691 2531 3766 campo
2579 3669 3074 3745 nonnullorum
3118 3669 3419 3746 virorum
3469 3672 3830 3748 doctorum
3850 3731 3871 3761 ,
3925 3695 4105 3773 quae
4150 3672 4368 3772 negli-

1325 3787 1558 3886 genda
1620 3810 1760 3860 non
1823 3793 2020 3862 erant
2086 3786 2340 3886 script-a
2360 3844 2380 3875 ,
2431 3796 2555 3863 aut
2598 3788 2868 3865 silentio
2906 3813 3187 3891 prorsus
3228 3791 3698 3891 praeterierit,
3748 3800 3873 3867 aut
3916 3816 4056 3866 non
4104 3816 4187 3867 ea
4230 3815 4374 3890 qua

1327 3930 1452 4004 par
1513 3915 1660 3981 erat
1678 3963 1700 3994 ,
1767 3904 2130 4006 diligentia
2193 3909 2710 4005 pertractaverit
2726 3967 2749 3998 ,
2818 3909 2893 3985 in
2966 3910 3077 3986 his
3126 3936 3291 3988 cum
3350 3913 3961 3988 Gaaswmcxnur
4016 3920 4091 3987 et
4137 3913 4373 3988 Pnrar

1332 4047 1430 4098 nn
1469 4048 1567 4097 LA
1600 4024 1854 4100 Coum
1873 4083 1893 4114 ,
1943 4035 2098 4100 tum
2141 4025 2454 4102 Nonsrn
2498 4035 2570 4102 et
2610 4029 3032 4106 Vrrnmean
3072 4055 3281 4131 opera
3302 4089 3322 4120 ,
3375 4031 3739 4110 vernaculo
3782 4057 4097 4108 sermone
4142 4033 4331 4108 edita
4350 4089 4373 4122 ,

1337 4141 1443 4216 vel
1482 4141 1581 4217 sic
1623 4150 1858 4218 tamen
1897 4144 2090 4218 Ordo
2130 4153 2410 4244 propter
2446 4148 2701 4224 eximia
2744 4149 2987 4249 prioris
3034 4152 3634 4228 commentationis
3681 4153 3756 4227 in
3806 4152 4151 4268 primariis
4200 4153 4373 4228 iuris

1335 4262 1658 4362 gentium
1725 4263 1892 4338 locis
1955 4263 2384 4339 illustrandis
2446 4265 2730 4356 merita,
2796 4293 2951 4344 eam
3006 4294 3213 4346 aureo
3253 4271 3561 4370 praemio
3604 4253 3890 4372 dignam
3937 4272 4371 4348 existimave-

1333 4380 1458 4470 rit;
1485 4425 1590 4440 -—
1609 4380 1890 4456 alterius
1931 4405 2088 4456 vero
2133 4381 2596 4482 responsionis
2636 4383 3074 4485 scriptorem,
3122 4388 3248 4487 qui
3284 4413 3425 4466 non
3474 4415 3671 4481 eam,
3714 4414 3929 4492 quam
3972 4392 4373 4493 postulabat

1334 4501 1690 4598 quaestio,
1757 4501 2020 4576 ordinis
2081 4500 2545 4602 chronologici
2606 4503 2943 4582 rationem
3006 4506 3291 4600 habuit,
3356 4510 3429 4586 in
3477 4511 3671 4610 ipsis
3736 4535 3895 4588 vero
3966 4512 4369 4611 disciplinae

1205 4705 1210 4712 ‚
1333 4619 1647 4717 partibus
1723 4621 2098 4696 tractandis
2165 4645 2444 4721 operam
2516 4623 2869 4702 collocavit
2938 4627 3223 4704 minime
3292 4632 3914 4721 contemnendam,
3995 4631 4371 4708 honorifica
4452 4691 4465 4704 .

1338 4741 1981 4816 commemoratione
2041 4740 2446 4830 defraudare
2504 4741 2749 4822 noluit.

1439 4858 1699 4986 Aperta
1783 4861 2060 4936 scedula
2081 4920 2100 4950 ,
2169 4861 2378 4960 priori
2453 4864 3015 4942 commentationi
3082 4867 3321 4944 addita
3340 4926 3359 4958 ,
3442 4893 3696 4946 nomen
3776 4871 3943 4948 exiit
4012 4872 4379 4948 Dimmcr
