4934 6184
1380 679 1512 744 234
2463 670 2529 734 C.
2601 671 2683 735 M.
2754 669 3332 735 FRANCKEN

1379 892 1536 960 tum
1579 889 1838 956 veteres
1878 878 2002 954 sed
2043 897 2268 952 sermo
2309 873 2521 952 etiam
2562 884 2855 973 uterque
2894 876 3187 951 formam
3230 873 3583 974 quandam
3620 881 3693 950 et
3732 872 4113 974 imaginem
4146 899 4413 977 reprae-

1377 1008 1620 1078 sentat.
1723 996 1862 1072 Sed
1909 995 2202 1070 aliarum
2251 993 2773 1094 disciplinarum
2822 995 3149 1070 studiosis
3196 1018 3279 1070 eo
3322 991 3497 1070 mihi
3543 993 3953 1070 Latinorum
4004 995 4411 1095 scriptorum

1373 1119 1576 1196 lectio
1653 1117 2006 1216 aliquanto
2078 1114 2304 1215 magis
2375 1115 2651 1192 videtur
2720 1115 3268 1192 commendanda
3287 1173 3308 1204 ,
3379 1113 3572 1214 quod
3644 1137 3887 1188 eorum
3958 1113 4409 1214 intelligentia

1370 1237 1596 1338 magis
1653 1245 1762 1314 est
1821 1235 2148 1312 omnibus
2215 1234 2561 1334 parabilis.
2676 1237 3097 1312 Graecorum
3145 1242 3413 1310 tantam
3474 1232 4055 1310 consuetudinem
4115 1233 4357 1310 habere
4381 1295 4401 1325 ,

1371 1366 1453 1434 ut
1505 1359 1581 1434 in
1633 1356 1928 1450 singulis
1975 1355 2203 1432 verbis
2247 1377 2386 1432 non
2425 1355 2716 1432 haerens
2758 1355 3037 1454 penitus
3078 1353 3489 1432 sententiam
3538 1360 3611 1428 et
3648 1360 3959 1428 mentem
4001 1354 4401 1454 scriptorum

1369 1477 1706 1578 percipias
1724 1535 1744 1567 ‚
1787 1501 1930 1552 non
1976 1485 2086 1552 est
2125 1475 2226 1551 ita
2268 1475 2468 1552 facile
2520 1485 2601 1552 ut
2642 1475 2871 1574 quivis
2922 1475 3262 1574 attingere
3311 1473 3547 1574 possit.
3648 1472 4001 1571 Equidem
4040 1474 4205 1548 novi
4245 1475 4365 1574 qui
4379 1532 4402 1563 ,

1366 1621 1590 1696 quum
1641 1595 1754 1670 vix
1796 1594 2368 1670 Xnnornourmt
2429 1594 2933 1694 intelligerent,
2988 1601 3220 1670 tamen
3282 1593 3371 1668 de
3438 1593 3804 1668 Pnsroms
3859 1592 4405 1693 Somocnrsque

1362 1714 1784 1814 praestantia
1833 1737 1912 1790 ac
1960 1712 2390 1811 sublimitate
2436 1712 2887 1801 dissererent;
2938 1737 3235 1811 quorum
3280 1711 3457 1787 ratio
3504 1719 3781 1788 tantum
3832 1710 3923 1786 ab
3972 1711 4399 1788 humanitate

1361 1834 1632 1909 diversa
1689 1841 1833 1923 est,
1894 1840 2237 1932 quantum
2285 1855 2615 1930 arrogans
2660 1831 3096 1930 impudentia
3138 1857 3181 1907 a
3232 1855 3427 1906 verae
3476 1830 3803 1906 scientiae
3850 1830 4213 1906 modestia.
4312 1830 4399 1906 Et

1361 1963 1595 2031 tamen
1662 1953 2102 2030 vehementer
2152 1959 2260 2028 est
2276 2009 2298 2040 ,
2359 1951 2551 2050 quod
2604 1951 3009 2028 dubitemus
3068 1975 3159 2030 an
3210 1952 3335 2050 qui
3380 1975 3505 2050 per
3552 1950 3911 2026 biennium
3964 1958 4090 2028 aut
4132 1952 4361 2028 minus
4378 2010 4395 2038 ,

1359 2073 1511 2150 aliis
1559 2095 1839 2173 quoque
1894 2070 2174 2171 optimis
2223 2095 2388 2146 sane
2445 2072 2713 2148 artibus
2770 2072 3189 2147 destinatum
3212 2130 3233 2159 ,
3281 2072 3353 2144 in
3394 2070 3793 2148 Academiis
3834 2069 4081 2148 litteris
4118 2096 4389 2170 operam

1303 2179 1320 2196 ⁸
1357 2194 1564 2281 dent,
1609 2217 1750 2270 non
1803 2192 2008 2291 plane
2056 2189 2466 2268 difficiliores
2520 2191 2819 2266 Graecos
2868 2192 3135 2290 possint
3186 2190 3589 2290 intelligere.
3694 2189 3827 2266 His
3876 2190 4200 2289 equidem
4260 2192 4391 2266 Tr:-
4520 2235 4537 2250 ·

1359 2335 1690 2388 asumma
1753 2319 1826 2388 et
1881 2312 2164 2388 Invnm
2229 2317 2302 2386 et
2361 2309 2777 2386 Hoas'rum
2846 2333 2987 2386 non
3046 2310 3281 2386 minus
3330 2309 3911 2388 commendandos
3956 2318 4127 2409 puto
4180 2335 4387 2408 quam

1356 2431 1946 2508 Ama-ornanum
1995 2438 2068 2506 et
2113 2431 2609 2506 Tnuornmnu
2658 2438 2731 2504 et
2776 2430 3221 2519 Pnarounu3
3288 2428 3537 2506 horum
3606 2455 3819 2514 usum
3880 2429 3943 2504 si
3994 2454 4205 2527 quem
4262 2429 4393 2506 sibi

1355 2549 1746 2649 paraverint
1759 2607 1780 2638 ‚
1847 2573 2081 2626 vereor
2149 2573 2240 2624 ne
2307 2548 2400 2626 sit
2451 2550 2545 2628 ad
2616 2557 2895 2651 tempus
2960 2557 3033 2625 et
3100 2551 3175 2626 in
3234 2550 3445 2626 vitam
3513 2575 3652 2628 non
3708 2557 4049 2638 transeat3
4100 2549 4252 2624 illos
4302 2549 4393 2624 ita

1353 2675 1682 2766 poterunt
1725 2675 2144 2769 pertractare
2161 2727 2182 2757 ,
2233 2676 2316 2745 ut
2361 2670 2663 2768 optimas
2720 2669 3097 2748 sententias
3140 2671 3431 2748 firmiter
3474 2670 3833 2748 mentibus
3882 2669 4351 2770 imprimentes
4370 2727 4389 2758 ,

1356 2812 1734 2898 eorumque
1775 2789 2187 2867 suavitatem
2223 2795 2298 2866 et
2335 2789 2751 2889 elegantiam
2786 2791 3068 2891 penitus
3102 2792 3553 2893 degustantes
3590 2792 3665 2868 in
3706 2790 4023 2870 animum
4044 2790 4387 2891 recipiant.

1503 2909 1590 2984 In
1633 2908 1916 2986 Graecis
1970 2909 2378 3008 aemulorum
2423 2912 2825 3008 emptorum
2868 2911 3145 2988 animus
3188 2912 3679 3012 cogitandique
3725 2920 3797 2987 et
3846 2910 4176 3010 loquendi
4222 2912 4389 2988 ratio

1347 3028 1572 3127 magis
1637 3028 2193 3129 conspiciuntur3
2240 3031 2489 3128 populi
2558 3029 2922 3130 ingenium
2982 3031 3059 3106 in
3082 3033 3433 3112 ,omnibus
3478 3033 3817 3110 Romanis
3864 3033 4115 3108 clarius
4170 3030 4385 3107 elucet

1351 3155 1424 3222 et
1473 3147 1813 3248 splendet.
1912 3147 2090 3229 Inde
2133 3149 2251 3237 fit,
2299 3159 2380 3222 ut
2409 3149 2663 3227 horum
2715 3150 2935 3228 maior
2982 3152 3073 3226 sit
3099 3151 3281 3230 inter
3324 3177 3399 3230 se
3446 3153 3828 3230 similitudo
3868 3159 3941 3230 et
3984 3152 4240 3230 facilior
4282 3151 4383 3226 in·

1351 3267 1752 3367 telligentia.
1853 3267 2136 3367 Spirant
2203 3269 2438 3346 omnia
2488 3269 2765 3346 illorum
2826 3270 3081 3372 scripta
3144 3272 3479 3350 Martium
3532 3273 3731 3350 illum
3778 3273 4089 3351 animum
4107 3330 4128 3361 ,
4174 3295 4377 3370 quem

1355 3409 1564 3462 nemo
1604 3386 1852 3467 melius
1900 3388 2236 3485 expressit
2281 3411 2497 3497 quam
2534 3388 2932 3466 Vrnenaus
2980 3390 3331 3468 nobilibus
3377 3391 3515 3470 illis
3557 3367 3893 3470 versibus':

1993 3507 2286 3570 Excudent
2323 3509 2422 3570 alii
2458 3509 2725 3592 spirantia
2760 3511 2981 3574 monim
3020 3532 3151 3574 sera
3180 3545 3263 3560 -

1993 3609 2176 3672 Credo
2215 3610 2476 3696 equidem
2516 3643 2598 3658 —
2640 3612 2795 3674 vivos
2831 3611 3037 3678 ducent
3072 3615 3143 3676 de
3180 3635 3454 3678 marmore
3497 3617 3703 3688 voltus,

1993 3712 2252 3777 Orabunt
2291 3733 2483 3774 causas
2521 3714 2719 3776 melius
2758 3717 3005 3798 eoelique
3036 3723 3247 3782 meatus

1987 3815 2325 3876 Deseribent
2363 3816 2519 3878 radio
2563 3823 2619 3879 et
2659 3820 2938 3897 surgentia
2974 3819 3153 3883 sidera
3188 3820 3407 3883 dieent:

1985 3917 2077 3978 Tu
2115 3937 2308 3995 regere
2349 3917 2583 4000 imperio
2620 3922 2882 4001 populos,
2920 3921 3200 3995 Romane,
3244 3931 3556 4001 memento;

1985 4019 2116 4081 Hae
2153 4019 2259 4080 tibi
2301 4027 2462 4080 erant
2502 4026 2679 4095 artes,
2720 4023 2981 4103 panisque
3016 4025 3303 4106 imponere
3338 4045 3547 4088 morem
3566 4071 3581 4098 ‚

1985 4123 2222 4188 Parosta
2260 4123 2525 4189 subiectis
2542 4131 2623 4186 τι
2655 4123 2933 4192 debellare
2970 4127 3251 4210 superbos.

1441 4223 1584 4300 Hie
1643 4224 1862 4324 igitur
1918 4223 2308 4323 intrepidus
2373 4234 2446 4300 et
2493 4249 2715 4325 paene
2772 4227 3001 4306 dicam
3060 4230 3299 4328 regius
3332 4230 3629 4318 „animus
3681 4237 4101 4328 temperatus
4148 4226 4365 4326 gravi-

1341 4353 1484 4423 tate
1502 4403 1525 4433 ,
1587 4343 1958 4424 altitudine
1979 4399 2002 4434 ‚
2064 4342 2322 4442 pietate
2387 4352 2545 4422 tum
2594 4345 2875 4444 linguae
2922 4347 3247 4447 spiritum
3298 4347 3569 4426 addidit
3616 4356 3691 4422 et
3740 4370 3983 4422 nervos
4002 4403 4019 4434 ,
4068 4354 4223 4420 tum
4271 4344 4364 4418 ita

1335 4465 1410 4544 in
1477 4463 1928 4566 scriptoribus
1981 4463 2412 4554 dominatur,
2461 4473 2583 4554 ut,
2632 4466 2951 4564 quamvis
2998 4468 3071 4542 in
3112 4468 3267 4546 aliis
3308 4466 3681 4548 festivitate
3732 4465 4091 4543 vernacula
4132 4462 4361 4540 eondi-

1335 4593 1453 4663 tus
1472 4644 1493 4673 ‚
1547 4586 1622 4664 in
1691 4585 1846 4665 aliis
1907 4586 2000 4668 ad
2059 4585 2422 4668 scribentis
2472 4585 2837 4664 eonsilium
2882 4587 3305 4686 compositus
3327 4643 3347 4678 ,
3396 4587 3595 4664 facile
3642 4597 3875 4665 tamen
3920 4587 3997 4660 in
4044 4581 4359 4660 omnibus

1331 4718 1748 4803 agnoscatur
1795 4715 1867 4786 et
1912 4705 2346 4807 percipiatur.
2447 4705 2703 4786 Poetae
2740 4715 2979 4784 autem
3014 4707 3313 4788 Romani
3352 4707 3494 4785 sive
3534 4707 3812 4788 delicias
3856 4707 4033 4782 vitae
4068 4703 4369 4780 rusticae

1323 4833 1404 4900 et
1451 4848 1774 4924 agrorum
1823 4827 2310 4907 amoenitatem
2357 4825 2448 4900 ob
2502 4826 2739 4911 oculos
2802 4835 3103 4925 ponant,
3150 4828 3299 4907 ‘sive
3344 4827 3595 4908 amoris
3636 4851 3873 4908 curam
3922 4833 3993 4904 et
4038 4819 4355 4902 sollicitu-
