4934 6184
1756 692 2313 760 onAT10.
3131 653 3134 658 ’
3457 693 3546 762 43

516 927 650 980 nus
715 901 923 980 illotis
944 961 964 990 ,
1040 902 1228 1001 quod
1302 900 1501 976 aiunt
1520 957 1543 987 ‚
1614 900 1936 976 manibus
1999 900 2175 976 illud
2243 897 2738 998 aggrediantur
2819 903 3127 996 oportet,
3193 905 3540 1000 quotquot

514 1025 617 1100 illi
656 1031 837 1099 totos
888 1047 963 1097 se
1004 1021 1233 1096 dicare
1270 1019 1606 1120 gestiunt.
1706 1020 1899 1098 Quin
1938 1028 2011 1095 et
2051 1019 2140 1108 de
2182 1019 2642 1118 quorumdam
2674 1018 3144 1094 mediocritate
3173 1044 3312 1095 non
3339 1020 3539 1096 valde

517 1143 1025 1242 desperandum
1092 1149 1234 1230 est,
1298 1139 1677 1215 dummodo
1735 1149 1899 1240 apta
1948 1139 2384 1215 institutione
2435 1139 2529 1213 ad
2580 1139 2842 1236 optima
2889 1138 3170 1237 quaevis
3217 1147 3289 1214 et
3342 1164 3538 1240 prae-

512 1263 693 1337 clara
742 1259 1133 1361 appetenda
1180 1258 1576 1333 evehantur.
3258 1254 3264 1260 '

608 1383 719 1456 De
792 1381 903 1455 his
948 1381 1165 1480 igitur
1208 1378 1390 1452 inter
1431 1402 1671 1453 omnes
1689 1437 1710 1467 ,
1774 1380 1982 1478 longa
2023 1378 2442 1477 experientia
2491 1376 2768 1452 edoctos
2788 1434 2809 1464 ‚
2859 1376 3026 1453 satis
3078 1384 3366 1454 constat.
3439 1379 3540 1454 At

510 1501 638 1576 ubi
697 1501 835 1576 iam
891 1499 979 1574 de
1028 1506 1191 1598 apta
1236 1497 1389 1584 illa,
1456 1523 1597 1594 qua
1642 1523 1819 1598 opus
1865 1506 2009 1586 est,
2058 1498 2277 1572 futuri
2316 1500 2682 1572 Sacrorum
2729 1496 3060 1571 antistitis
3103 1497 3542 1572 institutione

510 1621 896 1696 accuratius
954 1617 1345 1692 definienda
1410 1617 1675 1716 agitur,
1736 1618 2038 1692 multum
2102 1617 2282 1691 inter
2346 1641 2421 1690 se
2484 1615 2924 1690 dissentiunt.
3027 1615 3182 1690 Has
3228 1641 3388 1691 vero
3431 1619 3536 1692 di-

512 1759 741 1814 versas
811 1736 1186 1814 sententias
1205 1793 1224 1824 ,
1285 1736 1421 1810 sibi
1488 1735 1785 1810 invicem
1848 1736 2007 1834 plus
2052 1735 2367 1812 minusve
2421 1735 2772 1835 oppositas
2790 1793 2810 1824 ,
2859 1759 3100 1810 omnes
3144 1735 3258 1810 hic
3305 1759 3539 1812 recen·

514 1881 661 1932 sere
708 1859 998 1956 longum
1036 1862 1182 1944 est3
1244 1855 1613 1930 nonnullas
1662 1860 1894 1929 tamen
1911 1914 1931 1945 ,
1992 1857 2288 1955 potiores
2335 1855 2615 1944 saltem,
2682 1855 2982 1930 breviter
3023 1878 3401 1931 memorare
3447 1857 3538 1932 ab

508 1977 639 2050 hoc
711 1978 859 2052 loco
916 1975 1219 2050 alienum
1294 1999 1435 2049 non
1500 1974 1793 2050 videtur.
1894 1975 2111 2050 Haud
2166 1999 2445 2074 prorsus
2495 1976 2680 2050 enim
2735 1975 3027 2062 desunt,
3096 1976 3220 2074 qui
3267 1984 3535 2052 tantam

454 2123 462 2130 ·
510 2119 658 2170 esse
738 2094 1159 2193 optimorum
1230 2094 1568 2190 cuiusque
1640 2094 1911 2192 generis
1980 2094 2069 2168 de
2131 2094 2500 2194 >disciplina
2574 2101 2806 2170 nostra
2869 2094 3202 2169 librorum
3267 2097 3538 2195 copiam

506 2213 925 2290 arbitrentur
941 2271 961 2302 ,
1030 2221 1112 2288 ut
1170 2214 1244 2288 in
1306 2211 1555 2286 scholis
1604 2212 1793 2288 haud
1840 2212 2140 2311 amplius
2190 2219 2522 2288 tractetur
2571 2239 2852 2289 necesse
2905 2212 3030 2288 sit:
3102 2238 3277 2312 quos
3325 2213 3540 2288 libros

506 2333 565 2405 si
633 2334 917 2408 iuvenes
981 2333 1171 2407 domi
1242 2333 1481 2432 legant
1554 2340 1627 2407 et
1690 2333 1941 2408 diurna
1986 2341 2259 2408 versent
2308 2342 2784 2431 nocturnaque
2825 2357 3041 2408 manu
3067 2391 3086 2420 ,
3140 2333 3306 2407 satis
3353 2332 3542 2408 docti

504 2581 655 2646 tum
703 2571 1061 2671 proferunt
1079 2630 1099 2661 ‚
1152 2571 1273 2670 qui
1300 2572 1413 2666 ita
1458 2571 1858 2672 loquuntur.
1956 2574 2200 2648 Fuisse
2238 2574 2377 2649 iam
2430 2574 2504 2648 in
2545 2575 2729 2649 alma
2773 2573 2902 2648 hac
2948 2573 3319 2648 Musarum
3373 2573 3540 2648 sede

504 2692 931 2790 accepimus,
998 2693 1433 2766 Rumtxmm
1494 2699 1566 2766 et
1618 2717 1816 2779 vero,
1878 2693 2002 2790 qui
2046 2692 2233 2768 hunc
2284 2693 2693 2790 praecessit,
2744 2693 3318 2768 Hmsrnnnnsn
3361 2716 3538 2790 quo·

508 2835 647 2910 que
709 2819 968 2898 aetate,
1038 2811 1161 2908 qui
1224 2809 1581 2885 historiam
1649 2809 1841 2884 libris
1895 2811 2207 2908 legendis
2270 2811 2527 2884 rectius
2573 2811 2744 2884 disci
2789 2811 3271 2908 perhiberent,
3323 2837 3536 2909 quam

505 2928 849 3004 adeundis
892 2928 1364 3003 Professorum
1402 2929 1671 3004 scholis.
1780 2926 2083 3002 nSolitus
2124 2936 2270 3003 erat
2309 2929 3014 3016 Hmsrnnnusms’z
3067 2935 3150 3003 ut
3190 2929 3340 3004 eius
3380 2937 3536 3006 utar

506 3050 821 3148 exemplo
842 3107 863 3137 ‚
937 3047 1331 3123 ''historiam
1383 3047 1802 3146 reipublicae
1852 3048 2153 3122 Batavae
2208 3065 2554 3136 enarrare,
2621 3054 2817 3122 tanta
2869 3047 3302 3124 audientium
3355 3052 3534 3124 mu]-

512 3169 855 3243 ntitudine
920 3175 990 3241 et
1050 3166 1543 3266 adprobatione
1563 3225 1582 3254 ,
1642 3174 1725 3240 ut
1783 3166 1903 3240 illa
1944 3189 2084 3241 non
2138 3167 2366 3242 solum
2414 3167 2739 3242 historiae
2760 3225 2779 3254 ,
2849 3167 2972 3240 sed
3015 3175 3087 3241 et
3126 3169 3534 3265 prudentiae

512 3287 770 3362 ncivilis
824 3287 1177 3361 institutio
1219 3287 1621 3374 haberetur3
1672 3294 1745 3362 at
1788 3285 2246 3360 Waomunn
2292 3287 2381 3360 de
2419 3286 2706 3362 historia
2749 3286 3011 3385 patriae
3052 3311 3258 3385 opere
3307 3289 3496 3363 edito
3511 3343 3532 3377 ,

512 3406 887 3504 npaulatim
962 3405 1441 3480 deficientibus
1497 3406 1587 3481 ad
1652 3406 1762 3494 id,
1830 3405 2053 3504 quod,
2126 3414 2208 3480 ut
2272 3405 2558 3504 quidem
2624 3406 3005 3505 putabant,
3073 3406 3212 3482 iam
3267 3408 3534 3485 editum

510 3524 781 3624 nlegere
839 3531 1160 3624 possent,
1226 3525 1476 3600 studiis
1494 3581 1515 3614 ,
1579 3525 1735 3601 illae
1788 3523 2361 3602 Hans'rnanosu
2418 3525 2691 3601 scholae
2749 3549 3004 3601 vacuae
3052 3526 3534 3625 relinqueban-

502 3646 687 3720 tur''.
791 3645 904 3718 Ita
959 3642 1243 3742 quidem
1303 3642 1391 3718 de
1437 3643 2029 3718 Hnms‘rnannslo
2070 3644 2361 3742 eiusque
2404 3645 2657 3734 seculi,
2725 3667 2933 3742 quam
2984 3654 3211 3735 vocat,
3261 3671 3534 3744 perver-

507 3763 709 3838 sitate
767 3759 1412 3838 Wrrrnnnacmos
1454 3763 1527 3838 in
1572 3762 1912 3839 celebrata
1958 3763 2116 3852 illa,
2172 3787 2385 3861 quam
2430 3764 2687 3852 edidit,
2725 3766 3163 3840 Ruuuxmm
3209 3789 3535 3864 praecep-

502 3882 671 3955 toris
741 3882 919 3957 vitae
990 3882 1439 3972 enarratione.
1540 3886 1774 3961 Quem
1840 3890 2007 3957 tunc
2066 3884 2395 3981 temporis
2460 3892 2807 3960 recentem
2863 3906 3157 3958 errorem
3217 3883 3309 3956 ad
3361 3883 3531 3960 haec

456 4055 465 4063 .
504 4009 737 4076 nostra
779 4026 1003 4101 usque
1044 4011 1356 4102 tempora
1403 4025 1543 4077 non
1586 4009 1861 4076 tantum
1911 4025 2349 4101 permanasse
2368 4061 2388 4090 ,
2446 4003 2571 4077 sed
2617 4011 2722 4092 et,
2785 4003 2974 4101 quod
3022 4002 3110 4076 de
3153 4001 3340 4076 fama
3389 4003 3530 4079 dici

507 4120 714 4207 solet,
790 4122 1081 4196 crevisse
1146 4121 1376 4205 eundo
1390 4181 1411 4212 ,
1482 4121 1924 4196 vehementer
1990 4145 2153 4196 sane
2233 4121 2608 4198 dolendum
2681 4131 2806 4196 est.
2905 4121 3274 4197 Falluntur
3339 4125 3528 4198 enim

506 4239 779 4339 egregie
793 4299 812 4328 ,
883 4264 997 4314 me
1062 4243 1347 4340 quidem
1415 4241 1643 4318 iudice
1662 4299 1681 4331 ,
1752 4240 1876 4340 qui
1935 4241 2268 4317 librorum
2329 4267 2540 4317 usum
2603 4241 3062 4317 domesticum
3116 4241 3529 4316 lectionibus

502 4357 801 4457 publicis
856 4358 1376 4456 frequentandis
1431 4361 1826 4460 praeferunt
1844 4419 1863 4452 ,
1926 4385 2053 4436 nec
2104 4385 2231 4436 sua
2282 4359 2467 4436 bona
2533 4369 2790 4436 norunt
2843 4361 3026 4436 cives
3084 4361 3526 4448 Academici,

504 4477 627 4581 qui
672 4476 799 4552 has
852 4477 1177 4553 lectiones
1223 4481 1623 4581 negligunt,
1671 4503 1761 4556 ne
1805 4489 2088 4580 pereant
2135 4479 2395 4557 scilicet
2440 4481 2818 4556 domestica
2849 4481 2968 4555 illa
3007 4479 3256 4554 studia.
3321 4481 3525 4556 Quae

506 4596 789 4693 quidem
850 4597 1083 4672 studia
1140 4599 1345 4698 longe
1412 4600 1645 4689 abest,
1713 4607 1791 4673 ut
1840 4602 2033 4698 parvi
2080 4601 2326 4677 faciam
2378 4608 2504 4676 aut
2553 4623 3052 4700 supervacanea
3100 4597 3486 4674 existimem
3506 4659 3526 4690 ‚

504 4715 1069 4814 quandoquidem
1140 4716 1289 4792 sine
1356 4719 1595 4794 sedula
1660 4719 2141 4798 exercitatione
2204 4722 2469 4823 privata
2488 4777 2508 4808 ,
2577 4718 2908 4794 adhibitis
2928 4774 2947 4806 ,
3019 4740 3198 4815 quae
3253 4729 3536 4816 praesto

508 4843 672 4909 sunt
689 4893 714 4924 ,
776 4835 1123 4913 doctrinae
1184 4837 1654 4927 adminiculis,
1716 4859 1806 4913 ne
1847 4839 2109 4938 optima
2152 4841 2437 4941 quidem
2491 4838 2876 4939 quidquam
2922 4838 3247 4937 prodesse
3301 4848 3530 4939 potest

3043 4957 3146 5031 5*
