4934 6184
1822 619 2379 736 onAT10.
3493 665 3621 730 223

586 883 773 960 illam
818 877 1343 965 commendent,
1388 873 1689 973 denique
1734 897 2223 975 quamcunque
2268 879 2490 950 artem
2533 873 2694 974 quis
2738 874 3098 972 profitetur
3118 931 3138 962 ,
3187 874 3316 950 hoc
3365 897 3408 948 a
3450 872 3620 948 veri-

588 1001 747 1078 tatis
788 1000 1173 1076 cultoribus
1217 994 1599 1096 exspectari
1642 994 1926 1084 debeat,
1970 1004 2050 1070 ut
2088 1019 2178 1072 ne
2216 993 2718 1084 inconsiderate
2762 993 3074 1070 reiiciant
3089 1053 3110 1082 ,
3151 1017 3321 1069 neve
3365 1001 3622 1070 temere

586 1127 953 1220 spernant,
1001 1115 1288 1193 minime
1330 1114 1409 1190 id
1449 1115 1585 1192 hoc
1624 1123 1933 1216 tempore
1972 1114 2309 1204 detrecto,
2348 1127 2431 1189 ut
2466 1114 2772 1214 possitne
2811 1139 2983 1190 usus
3024 1112 3312 1189 Latinae
3345 1113 3622 1210 linguae

582 1240 863 1318 retineri
881 1297 903 1329 ,
971 1236 1233 1336 quibus
1300 1235 1699 1312 etiamnunc
1766 1234 1966 1312 utilis
2010 1259 2161 1310 esse
2223 1234 2592 1334 explorem.
2695 1235 2772 1309 Si
2817 1235 2994 1311 forte
3044 1234 3206 1309 hinc
3251 1232 3582 1308 efficiatur
3601 1291 3620 1320 ‚

585 1369 665 1434 ut
730 1383 773 1434 a
832 1363 1107 1456 recepta
1167 1354 1489 1456 opinione
1561 1356 2059 1432 discedendum
2107 1355 2231 1443 sit,
2285 1364 2356 1430 et
2415 1355 2787 1455 imperium
2806 1415 2827 1444 ,
2892 1379 3034 1454 quo
3082 1353 3334 1429 Latina
3382 1353 3622 1451 lingua

582 1480 751 1556 olim
798 1477 1187 1578 gaudebat,
1255 1475 1508 1576 partim
1552 1476 1703 1552 iure
1754 1477 1821 1552 ei
1867 1476 2277 1577 abrogatum
2322 1475 2639 1550 videatur
2656 1535 2676 1565 ,
2727 1475 2948 1552 habeo
3003 1482 3236 1552 tamen
3283 1471 3472 1571 quod
3519 1497 3622 1547 se-

583 1623 758 1698 quar
777 1656 800 1688 ,
852 1604 925 1672 et
968 1621 1131 1674 cum
1174 1597 1525 1674 Pharon
1565 1595 1797 1674 iudico
1818 1655 1839 1686 ,
1886 1599 2028 1688 ὅπη
2068 1597 2265 1675 ὀὲν-ὁ
2310 1597 2546 1698 λόγος
2593 1605 2774 1697 αἱρῇ
2823 1598 3061 1697 ταύτῃ
3111 1597 3322 1672 ἰτέον
3365 1589 3576 1672 εἶναι
3596 1646 3616 1683 ,

579 1741 709 1792 nec
754 1717 1131 1792 tacendum
1180 1721 1351 1814 puto
1370 1773 1391 1808 ,
1440 1739 1529 1790 ne
1579 1714 1861 1814 quando
1906 1713 2272 1814 philologi,
2319 1714 2493 1790 dum
2538 1715 2755 1792 nimia
2807 1715 2942 1791 sibi
2981 1739 3296 1814 arrogare
3341 1707 3638 1790 videan?

582 1843 701 1912 tur
718 1894 740 1926 ,
790 1835 993 1912 iustis
1042 1835 1254 1912 etiam
1304 1833 1670 1935 postulatis
1712 1833 2055 1910 excidant.

682 1957 948 2032 Omnes
1020 1956 1336 2032 omnium
1401 1955 1767 2031 nationum
1834 1952 2143 2028 eruditos
2218 1975 2361 2028 una
2428 1951 2671 2053 lingua
2736 1953 2930 2052 loqui
2991 1960 3065 2029 et
3135 1953 3428 2030 scribere
3446 2012 3466 2044 ,
3528 1953 3626 2030 ita

586 2075 873 2152 demum
921 2082 1030 2152 est
1072 2076 1241 2151 utile
1260 2133 1281 2164 ,
1328 2074 1389 2150 si
1427 2075 1633 2172 plane
1677 2096 1919 2148 omnes
1974 2080 2048 2147 et
2094 2070 2291 2148 facile
2337 2095 2518 2170 quae
2584 2071 2896 2146 sentiunt
2945 2070 3076 2147 hoe
3129 2071 3317 2146 velut
3366 2071 3624 2147 instru-

580 2201 817 2270 mento
862 2195 1043 2272 inter
1081 2220 1155 2270 se
1194 2194 1705 2270 communicare
1745 2191 2035 2291 possint.
2138 2191 2226 2267 In
2268 2191 2496 2266 verbis
2533 2190 2593 2266 si
2627 2189 3014 2281 laboratur,
3059 2191 3120 2266 si
3159 2191 3285 2291 qui
3327 2192 3623 2292 loquun-

582 2321 697 2389 tur
764 2315 936 2393 adeo
1002 2341 1045 2390 a
1112 2314 1335 2414 patrio
1408 2337 1721 2390 sermone
1786 2312 2129 2410 pendent,
2200 2319 2281 2386 ut
2350 2311 2652 2410 cogitata
2709 2336 2870 2386 cum
2935 2313 3168 2389 nativa
3220 2312 3337 2389 illa
3386 2313 3628 2413 lingua

582 2435 783 2535 quasi
848 2434 1265 2522 coaluerint,
1330 2456 1667 2532 magnum
1734 2429 1947 2506 habet
2008 2429 2588 2529 impedimentum
2652 2432 3052 2531 peregrinae
3099 2431 3380 2530 linguae
3429 2457 3648 2508 usus„

580 2557 653 2631 N
652 2579 743 2630 on
803 2561 1033 2653 potest
1092 2552 1277 2642 fieri,
1332 2560 1413 2626 ut
1464 2575 1665 2628 suam
1718 2549 1879 2649 quis
1919 2549 2236 2648 linguam
2282 2550 2574 2625 verbum
2622 2549 2710 2626 de
2766 2550 2976 2625 ve’rbo
3025 2550 3322 2624 reddens
3372 2550 3623 2627 intelli-

580 2681 789 2774 gatur
830 2671 922 2750 ab
970 2672 1221 2750 exteris
1240 2733 1261 2762 ,
1306 2698 1349 2749 a
1399 2672 1659 2772 quibus
1706 2695 1781 2746 se
1820 2668 2119 2769 intelligi
2156 2667 2360 2759 velit3
2408 2676 2482 2745 et
2527 2695 2682 2746 vere
2731 2669 2870 2746 dici
2913 2670 3126 2760 solet,
3175 2669 3300 2769 qui
3345 2677 3630 2748 externa

582 2793 823 2893 lingua
882 2799 1067 2870 recte
1124 2793 1289 2869 velit
1345 2793 1453 2870 uti
1510 2791 1755 2868 eadem
1806 2789 2065 2890 cogitet
2116 2813 2395 2866 necesse
2454 2815 2605 2866 esse
2623 2847 2645 2878 ,
2690 2815 2832 2888 quo
2885 2789 3324 2890 intelligunt,
3378 2790 3632 2867 debere

580 2912 783 2988 illum
828 2912 1261 3012 aliquamdiu
1320 2919 1504 2989 certe
1550 2913 1729 2990 illud
1779 2912 2145 3013 ingenium
2188 2912 2478 2988 induere
2539 2911 2870 3012 illamque
2919 2913 3273 3013 cogitandi
3328 2912 3506 2990 viam
3564 2922 3637 2991 et

582 3030 923 3108 rationem
956 3030 1131 3106 inire
1148 3088 1169 3119 ,
1223 3055 1403 3130 quae
1440 3031 1683 3132 populi
1719 3032 1996 3132 propria
2040 3032 2221 3122 sint,
2264 3058 2309 3108 a
2346 3057 2488 3132 quo
2532 3056 2921 3108 sermonem
2966 3040 3348 3110 mutuetur.
3449 3034 3638 3110 Scite

582 3149 725 3226 iam
768 3153 1051 3227 Eamus
1103 3149 1222 3226 ille
1276 3182 1313 3222 n
1336 3151 1468 3228 tria
1528 3177 1603 3228 se
1646 3152 1853 3230 corda
1907 3152 2163 3229 habere
2177 3154 2221 3183 ’'
2278 3151 2491 3242 dixit,
2543 3153 2736 3251 quod
2789 3152 3017 3229 tribus
3067 3153 3328 3254 linguis
3394 3154 3641 3254 nloqui

586 3272 861 3350 sciret.'’
956 3271 1241 3352 Etenim
1306 3296 1533 3349 mores
1586 3272 1826 3373 populi
1878 3279 1950 3348 et
2000 3272 2363 3374 ingenium
2425 3271 2628 3373 quasi
2673 3271 2750 3348 in
2801 3297 2958 3349 cera
3007 3273 3200 3352 molli
3218 3333 3240 3365 ‚
3279 3273 3354 3349 in
3399 3273 3640 3375 lingua

582 3385 905 3491 expressa
962 3391 1486 3492 conspiciuntur
1497 3426 1517 3483 ;
1568 3418 1829 3493 eaeque
1868 3393 2187 3470 notiones
2200 3449 2223 3482 ,
2274 3417 2455 3492 quae
2503 3399 2670 3468 sunt
2713 3393 3016 3469 maxime
3063 3393 3359 3494 singulis
3406 3392 3634 3493 genti·

581 3509 719 3588 bus
782 3511 1153 3590 familiares
1170 3569 1191 3603 ,
1234 3511 1558 3590 facillime
1616 3515 1994 3592 earundem
2024 3514 2299 3615 linguis
2342 3513 2827 3590 enunciantnr.
2923 3513 3176 3614 Itaque
3219 3538 3361 3614 quo
3415 3513 3631 3590 maio-

584 3654 731 3707 rem
800 3632 1329 3709 similitudinem
1387 3635 1631 3733 populi
1677 3635 1939 3712 habent
1994 3635 2178 3710 inter
2230 3659 2305 3710 se
2324 3693 2345 3724 ,
2395 3659 2480 3710 eo
2525 3634 2796 3710 facilius
2839 3633 3014 3710 alter
3061 3634 3344 3711 alterius
3389 3634 3632 3735 lingua

587 3758 844 3827 utetur.
942 3751 1161 3826 Nulla
1216 3774 1376 3826 vero
1434 3733 1608 3851 gens
1650 3779 1875 3852 quum
1920 3755 2013 3829 sit
2028 3813 2050 3843 ,
2094 3755 2265 3852 quin
2321 3753 2578 3831 habeat
2621 3753 2938 3830 notiones
3001 3756 3340 3854 quasdam
3393 3755 3632 3855 singu-

587 3869 765 3946 lares
782 3925 805 3956 ,
855 3873 1001 3944 tam
1040 3874 1358 3944 accurate
1402 3867 1625 3968 ipsius
1676 3871 1921 3972 lingua
1965 3897 2321 3973 expressas
2338 3931 2359 3962 ,
2406 3879 2491 3948 ut
2534 3874 2818 3972 quaevis
2863 3875 3004 3951 alia·
3044 3875 3120 3950 in
3166 3874 3278 3951 his
3317 3874 3631 3965 deficiat,

588 4011 731 4064 non
800 3994 1033 4086 potest
1098 3987 1393 4064 inveniri
1458 4013 1685 4068 sermo
1701 4051 1723 4083 ,
1789 3992 1915 4090 qui
1974 3993 2451 4070 universorum
2515 3993 2872 4072 desideriis
2945 3994 3152 4094 plane
3225 3993 3633 4084 satisfaciat3

493 4194 513 4224 .
590 4107 901 4209 proxime
950 4115 1183 4186 tamen
1236 4109 1327 4186 ad
1371 4109 1565 4190 illam
1614 4111 2108 4212 praestantiam
2168 4114 2488 4204 accedet,
2538 4115 2662 4214 qui
2713 4115 2806 4191 sit
2853 4114 3309 4192 divitissimus
3366 4121 3439 4190 et
3492 4114 3638 4190 sive

593 4227 1109 4329 compositionis
1156 4228 1481 4308 facilitate
1534 4233 1676 4309 sive
1726 4233 2157 4312 flexibilitate
2198 4260 2377 4312 nova
2430 4236 2639 4313 verba
2683 4235 3005 4312 facillime
3049 4242 3381 4312 assumat.
3480 4235 3638 4310 Iam

597 4371 757 4424 vero
774 4407 793 4437 ,
864 4348 923 4423 si
981 4347 1071 4426 ad
1136 4348 1314 4427 hanc
1373 4377 1687 4433 normam
1744 4355 2077 4432 Latinum
2145 4381 2534 4433 sermonem
2587 4357 2950 4458 exigamus
2968 4415 2989 4446 ,
3055 4355 3302 4431 usibus
3353 4352 3636 4451 linguae

592 4467 983 4544 communis
1028 4468 1315 4546 minime
1356 4479 1587 4571 potest
1628 4474 2039 4554 satisfacere.
2140 4477 2435 4554 Constat
2477 4501 2853 4552 numerum
2895 4475 3064 4552 satis
3106 4497 3446 4573 magnum
3487 4495 3636 4547 ver·

594 4585 847 4662 borum
867 4645 889 4677 ‚
947 4612 1127 4687 quae
1176 4598 1458 4689 possent
1503 4590 1689 4668 salva
1735 4593 2053 4692 analogia
2094 4592 2373 4668 formari
2387 4651 2407 4682 ,
2456 4593 2670 4668 fuisse
2729 4599 3075 4692 spretum;
3125 4615 3338 4691 quam
3386 4599 3639 4668 cautus
3705 4629 3712 4638 ·

594 4707 673 4782 in
746 4707 1095 4786 vocabulis
1159 4709 1507 4810 fingendis
1573 4710 1781 4787 fuerit
1837 4711 2155 4811 princeps
2218 4737 2259 4785 e
2306 4711 2642 4788 Romanis
2689 4711 3077 4788 oratoribus
3135 4736 3343 4788 nemo
3389 4711 3630 4790 nescit.

596 4826 829 4906 Verba
892 4830 1385 4933 compositione
1452 4839 1702 4912 novata
1760 4831 2189 4934 respuebant
2232 4832 2375 4910 fere
2430 4831 2671 4910 Latini
2727 4840 2800 4910 et
2841 4832 3070 4934 poetis
3105 4832 3633 4935 relinquebant,
