4934 6184
1418 683 1503 754 26
2515 619 3356 748 S.vlssER1RG

1418 894 1679 994 oloyiae
1718 889 2068 990 practicae
2104 887 2327 962 studio
2354 889 2606 981 futuro
2648 885 3022 984 Eume-lii
3061 884 3372 958 ministro
3395 905 3688 980 prorsus
3727 885 4122 960 messario.
4223 885 4442 960 Multi

1418 1037 1503 1087 eo
1564 1019 1875 1110 tempore
1932 1006 2165 1082 mirati
2222 1013 2389 1080 sunt
2406 1063 2427 1093 ,
2493 1005 2718 1080 virum
2781 1001 3166 1078 eruditione
3229 1009 3302 1077 et
3365 1000 3676 1076 doctrina
3741 1001 3916 1078 adeo
3973 1011 4438 1103 praestantem

1420 1130 1697 1208 dicendi
1766 1133 2259 1228 argumentum
2328 1125 2662 1200 sumsisse
2723 1121 3172 1222 Theologiam
3215 1123 3620 1220 practicam.
3745 1119 3887 1196 Sed
3957 1121 4086 1196 ubi
4159 1131 4398 1222 postea
4415 1181 4439 1212 ‚

1406 1249 1667 1326 scholis
1722 1245 1977 1348 apertis
1994 1304 2015 1334 ,
2081 1244 2772 1331 animadvertissent,
2832 1241 3019 1317 hunc
3069 1247 3578 1340 praeceptorem
3633 1239 3991 1338 discipulis
4043 1240 4190 1316 suis
4241 1263 4438 1318 suam

1412 1368 1751 1468 practicae
1806 1363 2220 1466 Theologiae
2276 1363 2772 1464 experientiam
2827 1361 3146 1462 inprimis
3195 1359 3458 1434 ducere
3507 1367 3580 1434 et
3627 1359 3956 1434 omuibus
4007 1359 4270 1436 viribus
4309 1362 4436 1436 im·

1414 1487 1653 1588 pertiti
1716 1483 1853 1560 sibi
1910 1485 2347 1585 proposuisse
2366 1541 2387 1572 ‚
2450 1483 2870 1560 admirantes
2917 1505 3168 1558 novam
3214 1479 3392 1555 hanc
3439 1478 3666 1554 laudis
3711 1477 4250 1580 materiem-ipsi
4295 1505 4436 1556 me·

1413 1607 1549 1680 rito
1592 1603 2123 1680 constituerunt.
2220 1603 2472 1700 Itaque
2511 1625 2754 1676 omnes
2771 1657 2793 1690 ,
2839 1601 3140 1700 collegae
3156 1657 3178 1689 ,
3225 1589 3550 1698 discipuli
3571 1656 3592 1687 ‚
3639 1599 3862 1688 cives,
3907 1599 4172 1699 optime
4221 1601 4310 1676 de
4355 1625 4437 1676 eo

1416 1723 1937 1825 augurabamur
1992 1729 2065 1797 et
2134 1721 2600 1822 sperabamus.
2699 1719 2842 1794 Sed
2897 1719 3190 1796 Summo
3233 1741 3466 1794 rerum
3513 1717 3978 1794 humanarum
4019 1717 4440 1796 Moderatori

1416 1845 1613 1920 aliter
1656 1842 1883 1917 visum
1932 1850 2060 1918 est.
2160 1839 2305 1914 Ubi
2352 1837 2628 1914 culmen
2667 1837 3010 1913 honorum
3057 1835 3332 1936 attigit,
3395 1835 3600 1934 quasi
3641 1836 3820 1912 vitae
3861 1861 4141 1936 quoque
4182 1847 4438 1916 metam

1412 1964 1793 2063 attigisset,
1862 1961 2027 2036 huic
2079 1960 2259 2035 vitae
2314 1981 2560 2034 cursus
2622 1957 2988 2034 conclusus
3041 1965 3182 2045 est;
3246 1955 3528 2054 suisque
3577 1963 3650 2032 ct
3693 1955 3896 2032 nobis
3917 2013 3938 2044 ,
3985 1957 4400 2034 Academiae
4415 2017 4436 2047 ,

1418 2081 1799 2180 disciplinis
1816 2137 1837 2168 ,
1878 2087 2315 2178 praematura
2355 2085 2577 2154 morte
2590 2135 2612 2167 ,
2660 2085 2742 2152 ut
2788 2076 3172 2152 hominum-
3191 2076 3452 2152 iudicat
3473 2075 3975 2176 imprudentia,
4003 2077 4292 2176 eripitur
4319 2080 4440 2170 ⁷⁸).

1508 2439 1675 2516 Qua
1732 2436 1995 2512 iactura
2039 2433 2127 2510 de
2172 2459 2351 2511 novo
2386 2457 2518 2512 nec
2565 2434 2850 2536 opinato
2899 2433 3192 2510 afflictae
3235 2433 3582 2510 iuventuti
3623 2433 3735 2508 Tu
3781 2432 4100 2534 inprimis
4117 2489 4140 2522 ‚
4187 2457 4330 2533 quo
4365 2459 4439 2510 es

1408 2559 1484 2633 in
1548 2579 1757 2632 omne
1826 2556 2093 2632 bonum
2150 2555 2432 2644 ardore,
2493 2553 2878 2655 opitulatus
2927 2577 3004 2628 es
3022 2609 3044 2641 ,
3093 2552 3274 2628 Clar.
3327 2553 3686 2640 Kouni«,
3735 2575 3898 2628 cum
3943 2553 4018 2628 in
4067 2553 4170 2630 'Ile
4211 2579 4436 2630 susce-

1408 2677 1593 2778 peris
1638 2662 2063 2750 ⁸intermissis
2120 2697 2249 2750 nec
2302 2681 2538 2750 tamen
2603 2671 3076 2749 desiderandis
3129 2671 3380 2748 scholis
3427 2697 3554 2772 pro
3605 2671 3866 2746 viribus
3913 2695 4170 2748 vacare.
4273 2675 4439 2752 Quo

1406 2795 1631 2896 magis
1690 2794 1901 2870 etiam
1968 2793 2199 2870 laetati
2262 2817 2549 2881 sumus,
2617 2792 2800 2892 Regi
2858 2790 3356 2892 augustissimo
3417 2791 3758 2892 placuisse
3777 2849 3798 2880 ,
3869 2791 4008 2881 Te,
4069 2801 4438 2892 postquam

1405 2915 1735 2990 omnibus
1798 2913 2295 3013 plaudentibus
2362 2937 2490 3012 per
2556 2911 2918 2987 biennium
2971 2911 3114 2984 fere
3157 2910 3768 2986 extraordinariam
3821 2911 4238 3012 Theologiae
4287 2937 4436 3012 pm-

1404 3034 1777 3108 fessionem
1807 3032 2127 3134 ‚obiisses
2144 3087 2165 3119 ,
2238 3031 2315 3102 in
2380 3030 2908 3104 ordinariorum
2971 3029 3448 3104 Professorum
3509 3053 3878 3106 numerum
3929 3031 4202 3108 nferre.
4293 3033 4437 3108 Nec

1404 3149 1641 3228 minus
1708 3147 1911 3224 nobis
1976 3147 2149 3248 ipsis
2212 3171 2428 3247 quam
2491 3147 2654 3222 Tibi
2709 3147 3040 3248 gratulati
3105 3171 3350 3222 sumus
3408 3172 3496 3223 ex
3575 3150 3810 3225 auimo
3827 3208 3847 3238 ,
3915 3171 4082 3226 cum
4127 3151 4228 3228 ‘I'e
4273 3165 4437 3228 mox

1405 3270 1881 3369 gratissimum
1929 3269 2225 3344 Senatus
2272 3267 2536 3343 socium
2581 3268 3032 3343 salutavimus
3081 3269 3202 3361 ⁷⁴).

1500 3509 1597 3583 Et
1638 3507 1801 3582 Tibi
1846 3506 2276 3606 gratulamur
2292 3563 2313 3594 ‚
2362 3507 2469 3582 Cl.
2515 3506 2790 3596 Pa1us,·
2851 3506 3096 3581 eodem
3137 3506 3330 3606 regio
3373 3507 3648 3582 decreto
3693 3507 3768 3582 in
3813 3517 4134 3608 quartam
4185 3511 4430 3588 Facul-

1403 3627 1569 3702 tatis
1608 3615 2087 3726 Theologicae'
2100 3624 2498 3700 cathedram
2541 3633 2798 3701 vocato.
2902 3628 3068 3705 Quo
3101 3625 3432 3702 benevolo
3469 3627 3702 3708 animo
3739 3629 3834 3704 ad
3873 3653 4002 3705 uos
4040 3630 4431 3721 adveneris,

1404 3747 1823 3848 qualemque
1884 3745 1959 3820 hi
2019 3745 2119 3820 Te
2183 3745 2532 3820 doctorem
2605 3745 2912 3821 habituri
2969 3745 3110 3820 sint
3127 3805 3148 3834 ,
3207 3747 3284 3820 ln
3331 3747 3842 3845 elegantissima
3892 3749 4204 3825 oratione
4220 3807 4244 3839 ,
4291 3775 4432 3850 qua

1400 3889 1627 3967 nuper
1658 3889 1918 3942 munus
1961 3863 2359 3964 auspicatus
2402 3889 2478 3939 es
2497 3923 2517 3952 ,
2565 3865 2842 3965 egregie
2885 3864 3356 3966 significavisti
3379 3867 3501 3958 ⁷⁶).
3551 3869 4004 3945 Profitentem
4021 3869 4125 3945 Te
4161 3871 4426 3946 audivi·

1406 4009 1569 4060 mus
1588 4043 1609 4074 ‚
1672 3985 1834 4060 Tibi
1900 4007 2311 4085 persuasum
2360 4009 2512 4059 esse
2533 4043 2554 4073 ,
2621 3985 2889 4060 futuros
2941 3984 3298 4084 theologos
3341 4007 3482 4060 non
3527 3986 3750 4062 solum
3797 3989 3873 4062 in
3921 3989 4102 4065 viros
4149 3990 4388 4066 doctos
4407 4047 4426 4078 ,

1406 4104 1533 4203 qui
1588 4103 1933 4179 Ecclesiae
1998 4105 2327 4204 dogmata
2372 4104 2626 4179 diserte
2667 4105 3000 4180 edoceant
3042 4113 3114 4180 et
3163 4113 3439 4180 strenue
3475 4106 3894 4198 defendant,
3941 4126 4183 4184 verum
4217 4109 4426 4186 etiam

1402 4223 1479 4298 in
1538 4221 1717 4296 viros
1762 4221 1851 4296 ab
1892 4222 2083 4296 omni
2126 4229 2321 4322 parte
2362 4221 2584 4298 bonos
2625 4223 3020 4298 educandos
3065 4249 3255 4313 esse3
3309 4225 3480 4300 tales
3520 4233 3756 4302 autem
3795 4251 4118 4304 evasuros
4150 4237 4426 4306 tantum

1400 4365 1553 4417 esse
1594 4363 1719 4440 per
1756 4340 2217 4416 academicam
2260 4339 2765 4416 institutionem
2787 4398 2809 4431 ,
2856 4367 3037 4442 quae
3076 4367 3318 4420 omnes
3356 4346 3650 4422 omnino·
3679 4348 4176 4446 complectatur
4203 4358 4384 4425 artes
4402 4408 4423 4439 ‚

1400 4461 1759 4562 variasque
1816 4467 2129 4536 exerceat
2190 4459 2455 4559 ingenii
2515 4460 2716 4536 dotes
2737 4519 2758 4550 ‚
2825 4486 3138 4562 quaeque
3191 4465 3370 4540 vitae
3423 4466 3814 4542 communis
3863 4491 4032 4559 usu,
4081 4469 4422 4544 variorum

1398 4589 1917 4680 praeceptorum
1978 4579 2389 4655 commercio
2404 4638 2427 4668 ,
2493 4588 2569 4655 et
2633 4583 3026 4682 aequalium
3093 4585 3432 4660 consortio
3449 4643 3470 4674 ‚
3534 4586 3710 4662 nihil
3773 4586 4065 4664 humani
4117 4588 4420 4664 alienum

1400 4723 1553 4776 esse
1610 4697 1861 4773 debere
1920 4699 2181 4775 doceat.
2280 4699 2504 4775 Cuius
2551 4700 2926 4800 sapientiae
2970 4723 3108 4779 non
3159 4711 3432 4784 tantum
3481 4706 3830 4784 doctorem
3879 4707 3979 4784 'l'e
4023 4707 4150 4786 sed
4189 4731 4418 4786 exem-

1396 4819 1551 4922 plar
1584 4839 1864 4917 quoque
1904 4816 2262 4893 habebunt
2303 4819 2626 4920 discipuli
2669 4821 2826 4898 Tui.
