4934 6184
1350 681 1479 750 168
1650 628 1653 637 Ι
2384 681 2437 750 Ῑ.
2499 678 2912 747 lusslNK
2969 680 3334 748 IANSEN

1344 889 1769 966 animalium.
1817 930 1915 948 -
1962 887 2335 964 Generatio
2382 913 2509 988 per
2553 887 3098 964 vicissitudinem
3117 947 3138 979 ,
3194 911 3406 989 quam
3463 887 3538 962 in
3579 889 3934 966 nonnullis
3975 890 4380 970 animalium

1346 1011 1707 1112 speciebus
1774 1007 2181 1086 inferiorum
2240 1007 2568 1084 ordinum
2631 1010 3080 1098 detexerunt,
3153 1015 3225 1084 et
3289 1009 3654 1084 Ionamus
3719 1009 4080 1086 Manum
4143 1013 4380 1088 inven-

1340 1139 1494 1206 tum
1512 1189 1533 1220 ,
1605 1129 1729 1229 qui
1788 1129 2252 1205 evolutionem
2314 1127 2642 1204 limacum
2711 1129 2788 1204 in
2848 1129 3259 1204 holothuriis
3277 1187 3298 1219 ,
3373 1173 3473 1190 —
3535 1137 3912 1229 utrumque
3975 1131 4232 1208 animal
4285 1134 4378 1209 ad

1340 1249 1545 1349 longe
1592 1249 1871 1325 dissitas
1917 1249 2213 1324 familias
2268 1248 2610 1348 pertinet,
2671 1291 2772 1308 --
2819 1249 3242 1337 observavit,
3309 1257 3592 1348 possent
3633 1248 3924 1326 fortasse
3967 1261 4378 1352 argumento
4499 1297 4512 1306 ·

1338 1394 1490 1446 esse
1553 1369 1965 1446 evolationis
2033 1393 2159 1469 per
2230 1369 2492 1470 gradus
2551 1370 3100 1470 organismorum
3171 1369 3594 1444 diversorum
3615 1425 3636 1458 ,
3709 1370 3920 1444 unius
3989 1395 4074 1445 ex
4117 1371 4328 1448 altero
4345 1431 4368 1462 ‚

1338 1492 1461 1567 sed
1530 1491 1939 1590 neutiquam
2008 1490 2325 1589 exempla
2396 1489 2724 1566 obferunt
2785 1497 2982 1567 ortus
3037 1514 3400 1590 corporum
3459 1489 3940 1589 organicorum
3993 1515 4036 1565 e
4091 1492 4368 1568 materie

1332 1611 1765 1711 anorganica.

1432 1729 1765 1806 Materies
1844 1755 2005 1806 cum
2072 1731 2215 1807 suis
2276 1731 2816 1832 proprietatibus
2876 1731 3083 1807 hodie
3141 1731 3387 1806 eadem
3431 1737 3574 1818 est,
3639 1754 3818 1828 quae
3862 1729 4062 1804 initio
4105 1755 4370 1820 rerum,

1332 1876 1583 1953 nempe
1643 1877 1725 1928 ea
1766 1851 2050 1951 periodo
2097 1852 2427 1952 temporis
2445 1911 2465 1941 ,
2524 1877 2664 1951 qua
2711 1859 2898 1928 certo
2941 1877 3028 1927 ex
3075 1849 3456 1950 geologicis
3495 1848 4148 1948 investigationibus
4187 1853 4372 1927 novi·-

1332 1995 1491 2046 mus
1510 2029 1531 2060 ,
1578 1977 1833 2046 terram
1876 1971 2091 2046 fuisse
2137 1980 2209 2046 et
2248 1995 2389 2070 qua
2432 1971 2764 2048 circuitus
2809 1971 3136 2049 materiae
3155 2028 3176 2059 ,
3220 1993 3434 2070 quem
3477 1969 3686 2069 paulo
3725 1978 3885 2045 ante
3924 1969 4332 2046 adumbravi
4349 2031 4374 2060 ,

1332 2115 1473 2164 non
1527 2091 1813 2166 exstitit.
1912 2093 2163 2189 Itaque
2212 2091 2503 2166 materia
2547 2092 2692 2167 sola
2735 2117 2898 2166 oum
2945 2093 3090 2166 suis
3134 2089 3672 2191 proprietatibus
3719 2113 3862 2164 non
3911 2091 4196 2180 sufficit,
4266 2092 4371 2166 uti

1334 2210 1587 2286 docent
1605 2268 1625 2298 ,
1694 2217 1775 2284 ut
1836 2235 1923 2286 ex
1990 2210 2422 2310 anorganicis
2489 2211 3114 2310 qualibuscumque
3187 2211 3514 2310 organica
3593 2234 3878 2309 corpora
3949 2211 4360 2286 evolvantur.

1331 2330 1701 2430 Indagatio
1752 2354 1999 2406 causae
2042 2330 2331 2406 ultimae
2392 2330 2598 2406 istius
2663 2331 3072 2407 evolutionis
3137 2331 3286 2406 sine
3351 2328 3570 2404 dubio
3615 2337 3808 2404 extra
3863 2331 4038 2404 fines
4087 2331 4217 2404 sita
4259 2337 4372 2406 est

1330 2474 1441 2524 em
1445 2449 1697 2548 piricae
1744 2457 2031 2525 naturae
2080 2451 2650 2551 investigationis.
2747 2452 3016 2542 Quodsi
3059 2459 3292 2526 tamen
3342 2449 3742 2548 quaerimus
3785 2472 3964 2547 quae
4003 2448 4122 2524 illa
4163 2475 4370 2526 causa

1332 2569 1458 2659 sit,
1506 2594 1735 2668 neque
1783 2569 2167 2669 quidquam
2211 2595 2486 2647 sumere
2536 2571 2828 2646 velimus
2869 2579 3140 2670 praeter
3179 2569 3538 2646 materiem
3583 2575 3656 2642 et
3691 2567 3841 2652 eius
3883 2567 4059 2642 vires
4097 2570 4366 2645 mecha·

1328 2689 1519 2764 nicas
1568 2697 1641 2764 et
1684 2690 2001 2790 physicas
2042 2697 2113 2764 et
2154 2689 2528 2780 chemicaS,
2577 2693 2962 2766 necessario
3001 2689 3448 2791 perducimur
3487 2689 3580 2764 ad
3615 2689 4122 2764 conclusionem
4141 2747 4164 2778 ‚
4213 2713 4368 2764 cau-

1332 2833 1481 2884 sam
1531 2810 1829 2909 primam
1872 2811 2099 2886 omnis
2147 2810 2580 2887 formationis
2619 2811 2981 2912 organicae
3021 2834 3174 2886 esse
3215 2809 3536 2908 aenigma
3551 2861 3574 2903 ,
3639 2809 3830 2909 quod
3877 2809 4136 2884 solvere
4177 2809 4372 2884 nullo

1324 2927 1534 3002 modo
1576 2930 1905 3008 valemus.

1428 3048 1625 3124 Sitne
1681 3050 1899 3150 igitur
1944 3051 2329 3130 absurdum
2350 3113 2371 3145 ,
2444 3055 2650 3132 sicuti
2707 3079 2858 3130 esse
2917 3059 3171 3155 putant
3234 3051 3630 3152 philosophi
3691 3052 3940 3139 nostri,
4013 3051 4088 3126 in
4151 3050 4371 3150 prima

1330 3167 1449 3242 illa
1490 3168 1899 3246 formatione
1946 3197 2313 3274 corporum
2350 3177 2831 3275 organicorum
2866 3173 3122 3274 pariter
3161 3179 3374 3270 atque
3411 3172 3486 3246 in
3524 3171 3748 3272 prima
3787 3171 4012 3248 omnis
4047 3171 4370 3246 materiae

1334 3287 1743 3364 formatione
1808 3315 2084 3368 cernere
2135 3294 2306 3368 velle
2366 3294 2738 3395 vestigium
2803 3295 3126 3369 creatoris
3176 3292 3707 3391 omnipotentis,
3765 3293 3922 3390 qui,
3980 3290 4236 3367 ratione
4291 3298 4362 3362 et

1334 3407 1443 3480 via
1462 3464 1483 3496 ,
1539 3433 1717 3507 quae
1768 3419 2043 3487 nostrae
2092 3412 2345 3488 mentis
2398 3415 2930 3514 intelligentiam
2977 3421 3254 3512 superet
3299 3436 3480 3512 quae
3519 3411 3808 3512 proinde
3857 3435 4060 3511 supra
4083 3409 4358 3484 investi-

1330 3526 1681 3626 gationem
1732 3536 2021 3606 naturae
2064 3532 2407 3608 humanae
2448 3532 2674 3632 posita
2727 3533 2848 3621 sit,
2919 3557 3196 3606 omnem
3251 3530 3442 3606 illam
3513 3528 3914 3604 varietatem
3975 3529 4366 3629 plantarum

1332 3657 1403 3720 et
1453 3646 1859 3724 animalium
1907 3650 2269 3750 protulerit
2292 3653 2327 3725 P
2398 3651 2658 3726 Utrum
2722 3673 2882 3724 vero
2932 3649 3061 3725 hac
3121 3649 3195 3724 in
3240 3674 3315 3725 re
3365 3657 3666 3726 statuere
3713 3649 4094 3726 debeamus
4153 3649 4364 3724 direc-

1328 3778 1473 3842 tam
1546 3769 1889 3845 actionem
1959 3771 2281 3846 creatoris
2298 3829 2319 3860 ,
2392 3794 2484 3846 an
2557 3770 2964 3846 indirectam
2983 3828 3004 3859 ,
3077 3795 3168 3846 an
3228 3794 3502 3848 sumere
3569 3769 3824 3844 sensim
3881 3769 4364 3870 procedentem

1328 3887 1788 3964 evolutionem
1854 3889 2261 3968 animalium
2320 3900 2391 3967 et
2451 3893 2852 3991 plantarum
2913 3891 3226 3991 quaestio
3295 3901 3441 3979 est,
3512 3914 3690 3988 quae
3761 3897 3954 3966 extra
3999 3913 4364 3989 argumen-

1331 4015 1483 4080 tum
1502 4064 1523 4094 ,
1574 4009 1765 4105 quod
1814 4012 2249 4088 tractandum
2304 4013 2478 4089 mihi
2531 4013 2779 4101 sumsi,
2829 4021 2936 4088 est
2981 4011 3225 4112 posita.

1352 4175 1361 4188 ·
1432 4127 1707 4204 Quodsi
1753 4129 2115 4229 disciplina
2166 4133 2451 4232 physica
2468 4191 2488 4223 ,
2551 4135 2659 4208 uti
2703 4135 2902 4208 decet
2918 4192 2939 4222 ,
2989 4133 3301 4208 modeste
3347 4130 3701 4230 loquatur,
3749 4154 3976 4228 neque
4027 4127 4250 4204 verbis
4293 4139 4366 4202 et

1333 4247 1617 4324 vocibus
1664 4248 2122 4348 ignorantiam
2190 4275 2387 4327 suam
2448 4260 2843 4350 praetexere
2899 4252 3214 4341 studeat,
3265 4252 3564 4325 fateatur
3611 4273 3888 4326 necesse
3935 4257 4046 4324 est
4064 4307 4085 4338 ,
4133 4257 4362 4324 ortum

1331 4369 1660 4444 materiae
1678 4427 1699 4458 ‚
1782 4369 2203 4470 principium
2284 4371 2652 4447 hodiernae
2734 4371 3035 4446 universi
3118 4371 3530 4446 conditionis
3603 4393 3714 4445 res
3780 4367 4166 4468 incognitas
4233 4367 4368 4442 sibi

1332 4514 1513 4564 esse:
1554 4533 1655 4550 —
1694 4511 1933 4564 verum
1983 4515 2133 4566 esse
2150 4550 2171 4582 ,
2222 4515 2297 4568 se
2340 4490 2582 4568 sedula
2617 4491 3158 4593 perscrutatione
3187 4491 3588 4592 cognovisse
3617 4490 4076 4566 evolutionem
4109 4488 4362 4563 sensim

1330 4608 1815 4707 procedentem
1879 4607 1953 4681 in
2016 4610 2303 4685 materie
2360 4634 2401 4684 e
2460 4635 2602 4710 qua
2653 4636 2764 4688 res
2805 4612 3136 4688 formatae
3185 4613 3326 4686 sint
3344 4669 3364 4702 ,
3414 4657 3517 4674 -
3563 4634 3744 4710 quae
3785 4619 4022 4684 tamen
4065 4607 4358 4682 evolutio

1331 4726 1483 4826 ipsa
1507 4726 1823 4825 pluribus
1861 4728 2029 4803 locis
2052 4729 2394 4829 profunda
2420 4731 2716 4832 caligine
2749 4731 3127 4832 obtegitur,
3155 4773 3250 4788 ——
3281 4731 3406 4808 sed
3443 4731 3726 4810 tandem
3767 4755 3842 4804 se
3868 4725 4359 4829 perscrutando

1328 4845 1683 4960 pervenire
1725 4846 1817 4922 ad
1855 4847 2197 4926 eiusmodi
2230 4851 2556 4928 materiae
2601 4852 3064 4932 conditionem
3108 4876 3286 4952 quae
3325 4875 3413 4930 ex
3455 4851 3794 4930 anteriore
3833 4849 4068 4949 aliqua
4109 4846 4364 4924 deduci
