4934 6184
1336 631 1464 742 1⁷2
2141 653 2148 664 ’
2375 676 2428 744 1.
2492 677 2905 744 masma
2963 675 3327 744 usses

1333 885 1574 961 haberi
1641 883 2008 960 nonnullos
2082 881 2343 959 incolas
2357 941 2408 984 ,h
2445 883 2571 983 qui
2640 909 2861 985 paene
2928 883 3345 962 animalibus
3406 883 3639 984 potius
3691 907 3905 983 quam
3976 881 4385 960 hominibus

1333 1005 1591 1080 similes
1608 1063 1629 1092 ‚
1694 1004 1862 1079 vitio
1925 1002 2293 1104 congenito
2307 1061 2328 1094 ,
2395 1004 2757 1082 cerebrum
2808 1005 3101 1095 habent,
3151 1003 3344 1104 quod
3384 1002 3703 1080 debitum
3768 1004 3843 1078 in
3894 1003 4188 1080 modum
4240 1028 4381 1080 non

1333 1124 1426 1199 sit
1475 1123 1852 1199 evolutum.

1427 1241 1640 1316 Ecce!
1709 1242 2108 1316 enumeravi
2166 1241 2677 1319 observationes
2736 1243 3041 1344 aliquot,
3110 1267 3290 1344 quae
3358 1245 3519 1320 licet
3584 1269 3723 1320 non
3776 1269 4019 1321 omnes
4066 1243 4383 1320 eiusdem

1329 1360 1666 1438 momenti
1701 1360 1879 1451 sint,
1919 1369 2152 1437 tamen
2193 1370 2382 1438 certo
2421 1364 2713 1452 docent,
2755 1389 2894 1440 non
2934 1365 3161 1442 solum
3194 1364 3554 1442 cerebrum
3596 1363 3915 1440 universe
3956 1387 4109 1440 esse
4146 1364 4381 1440 sedem

1331 1481 1620 1556 actionis
1685 1481 2047 1583 psychicae
2070 1541 2091 1570 ‚
2163 1483 2285 1558 sed
2339 1483 2551 1560 etiam
2604 1493 2875 1560 arctum
2926 1485 3113 1560 inter
3154 1493 3423 1586 partem
3472 1484 3662 1559 illam
3708 1492 3781 1559 et
3826 1485 4171 1560 actionem
4219 1509 4379 1584 psy-

1333 1601 1600 1676 chicam
1643 1625 1906 1678 nexum
1951 1627 2102 1678 esse
2117 1661 2138 1692 ,
2189 1627 2436 1679 sanum
2482 1604 2841 1680 cerebrum
2890 1605 3150 1704 requiri
3191 1612 3274 1680 ut
3315 1603 3678 1705 psychicae
3714 1602 4021 1681 actiones
4064 1605 4382 1704 vigeant3

1331 1745 1483 1796 esse
1531 1721 2114 1799 necessitudinem
2157 1723 2511 1822 quandam
2547 1724 2729 1798 inter
2774 1723 3329 1824 magnitudinem
3349 1783 3369 1814 ‚
3404 1721 3698 1798 formam
3721 1730 3795 1797 et
3814 1721 4387 1822 compositionem

1338 1841 1601 1917 cerebri
1645 1850 1716 1918 et
1757 1842 2185 1918 functionem
2229 1843 2560 1943 psyches:
2599 1868 2728 1920 nec
2768 1851 3003 1918 tamen
3042 1845 3243 1943 plura
3288 1844 3419 1919 hoc
3466 1843 3676 1919 modo
3725 1843 4074 1918 docemur.
4151 1842 4383 1919 Philo-

1331 1961 1574 2062 sophia
1615 1962 1734 2038 illa
1782 1969 2016 2039 tamen
2059 1965 2242 2040 ultra
2287 1963 2636 2064 procedit3
2685 1962 2887 2039 nobis
2922 1963 3131 2039 refert
3176 1989 3265 2038 ex
3310 1963 3655 2039 eiusmodi
3699 1962 4081 2040 observatis
4118 1971 4385 2062 patere,

1331 2082 1890 2181 magnitudinem
1913 2139 1934 2170 ,
2004 2082 2298 2158 formam
2367 2091 2442 2157 et
2493 2082 3065 2183 compositionem
3122 2083 3385 2158 cerebri
3434 2083 3771 2160 contineri
3818 2083 4085 2158 ratione
4128 2082 4389 2158 directa

1331 2224 1495 2276 cum
1537 2201 2024 2302 magnitudine
2044 2260 2064 2291 ‚
2115 2203 2503 2278 intensione
2548 2200 2897 2278 facultatis
2941 2202 3324 2302 psychicae.
3382 2193 3563 2282 'Sed
3610 2204 3773 2280 talia
3812 2227 3901 2281 ex
3940 2203 4079 2278 illis
4118 2203 4383 2276 efficere

1329 2343 1472 2395 non
1539 2320 1699 2396 licet
1716 2379 1738 2409 ,
1807 2320 1868 2395 si
1946 2321 2122 2420 quid
2189 2345 2430 2396 verum
2500 2322 2592 2396 sit
2666 2345 3083 2421 quaeramus
3094 2354 3115 2410 ;
3178 2322 3468 2398 minime
3540 2349 3700 2399 vero
3749 2323 3911 2400 licet
3965 2324 4041 2397 in
4102 2347 4179 2398 re
4234 2329 4389 2396 tam

1329 2439 1625 2532 obscura
1669 2448 1740 2515 et
1783 2442 2261 2517 controversiis
2307 2442 2549 2517 multis
2590 2443 2873 2542 agitata.
2950 2441 3092 2518 Sed
3126 2467 3469 2542 ponamus
3508 2444 4075 2544 investigationes
4116 2449 4391 2518 nostras

1329 2561 1472 2636 iam
1523 2584 1606 2635 eo
1649 2561 2042 2660 pervenisse
2063 2621 2084 2652 ‚
2152 2570 2234 2637 ut
2279 2563 2416 2638 tale
2460 2562 2639 2662 quid
2681 2563 2845 2638 inde
2892 2564 3159 2638 efficere
3208 2563 3451 2653 liceat,
3500 2564 3609 2640 vel
3656 2564 3717 2640 si
3764 2565 3985 2640 mavis
4030 2563 4393 2640 ratiocinio

1330 2681 1685 2781 analogice
1727 2705 1858 2757 nos
1903 2682 1996 2758 ad
2046 2683 2256 2758 talem
2307 2682 2823 2758 conclusionem
2863 2683 3191 2784 perduci,
3232 2691 3553 2785 potestne
3587 2684 3746 2761 ideo
3788 2684 4149 2775 concludi,
4202 2683 4393 2784 quod

1329 2799 1723 2902 philosophi
1763 2802 1985 2877 nostri
2022 2802 2305 2890 volunt,
2351 2802 2715 2880 cerebrum
2764 2826 2906 2878 non
2948 2803 3173 2880 solum
3219 2828 3373 2879 esse
3414 2823 3720 2904 organon
3765 2803 4086 2904 principii
4128 2803 4395 2880 altioris

1328 2929 1620 2997 naturae
1688 2945 1812 3022 per
1878 2922 2112 3022 ipsum
2181 2923 2525 3000 actionem
2590 2949 2796 3000 suam
2861 2924 3370 3002 manifestantis
3385 2982 3407 3014 ,
3469 2925 3661 3025 quod
3722 2923 4031 3026 psychen
4084 2924 4391 3025 appella-

1328 3059 1527 3131 mus,
1559 3083 1656 3100 —
1685 3041 1810 3116 sed
1849 3042 2212 3120 cerebrum
2254 3052 2327 3119 et
2365 3043 2673 3145 psychen
2722 3069 2935 3122 unam
2978 3071 3131 3121 esse
3192 3053 3265 3120 et
3322 3045 3617 3121 eandem
3671 3046 3867 3120 rem?
3918 3087 4023 3104 -

1433 3145 1759 3238 Concedo
1835 3187 1954 3240 eos
2021 3165 2224 3265 plura
2284 3163 2583 3253 adferre,
2662 3163 2923 3265 quibus
2996 3163 3228 3240 thesin
3302 3187 3501 3240 suam
3572 3163 3869 3265 probent
3890 3223 3911 3252 ‚
4001 3189 4185 3264 quae
4262 3189 4395 3241 nee

1334 3283 1610 3358 silentio
1679 3282 1914 3358 omnia
1971 3283 2342 3384 praeterire
2410 3281 2592 3358 licet.
2709 3281 3095 3358 Provocant
3142 3282 3235 3358 ad
3286 3281 3611 3360 effectum
3659 3308 3702 3359 a
3748 3283 4095 3384 nonnullis
4140 3281 4388 3358 formis

1334 3401 1624 3476 actionis
1686 3401 2050 3500 psychicae
2107 3404 2184 3478 in
2245 3409 2477 3502 partes
2546 3401 2850 3478 diversas
2910 3403 3217 3502 corporis
3233 3461 3255 3493 ‚
3322 3403 3417 3482 ad
3470 3403 3805 3502 pallorem
3858 3428 3897 3478 e
3944 3411 4197 3478 terrore
4214 3459 4237 3491 ,
4284 3403 4383 3478 ad

1333 3519 1650 3595 ardorem
1716 3519 1917 3595 faciei
1980 3522 2055 3596 in
2111 3523 2215 3598 ira
2232 3581 2254 3611 ,
2326 3521 2420 3598 ad
2484 3520 2809 3598 ruborem
2878 3545 3003 3622 per
3070 3523 3343 3600 vultum
3409 3523 3484 3598 in
3525 3522 3793 3625 pudore
3840 3521 4175 3600 suffusum
4192 3579 4213 3612 ,
4280 3522 4381 3598 ad

1335 3639 1550 3716 animi
1593 3639 1992 3740 pathemata
2034 3641 2410 3719 multifaria
2427 3699 2448 3730 ,
2488 3666 2667 3741 quae
2698 3649 2969 3718 mutare
3009 3644 3239 3720 valent
3266 3642 3570 3720 indolem
3602 3644 3801 3740 lactis
3830 3643 4123 3720 materni
4141 3700 4161 3730 ,
4204 3649 4381 3718 caet.

1433 3759 1666 3836 Causa
1710 3760 1956 3838 horum
2008 3762 2646 3863 phaenomenorum
2688 3764 3005 3840 omnium
3040 3766 3202 3840 ‘sine
3256 3762 3475 3840 dubio
3514 3765 3649 3840 sita
3690 3771 3799 3839 est
3838 3764 3911 3838 in
3958 3760 4186 3838 nervis
4224 3785 4389 3862 par-

1335 3882 1518 3956 tium
1563 3881 1664 3956 ita
1713 3881 2114 3960 effectarum
2133 3943 2154 3974 ‚
2222 3883 2348 3982 qui
2397 3883 2625 3983 magis
2672 3884 2991 3960 minusve
3038 3909 3079 3960 e
3144 3885 3405 3960 directo
3448 3885 3813 3961 cohaerent
3856 3907 4024 3960 cum
4078 3881 4388 3958 cerebro.

1341 4000 1538 4078 Quid
1587 4000 1729 4075 iam
1777 4003 1903 4078 fiat
1944 4003 2018 4078 in
2069 4003 2351 4082 cerebro
2388 4004 2462 4080 in
2516 4005 2731 4084 animi
2770 4005 3025 4082 affectu
3058 4013 3134 4080 et
3174 4006 3247 4080 in
3301 4029 3742 4106 quacumque
3792 4003 4063 4080 actione
4100 4001 4387 4078 mentali

1339 4141 1620 4216 prorsus
1671 4142 1798 4194 nos
1837 4116 2038 4210 latet;
2101 4123 2226 4198 sed
2275 4124 2758 4226 phaenomena
2810 4149 2975 4202 mox
3032 4133 3435 4206 enumerata
3486 4133 3672 4202 certo
3724 4127 3977 4202 docent
4016 4123 4384 4214 cerebrum

1339 4237 1416 4311 in
1466 4236 1574 4312 his
1623 4236 1838 4313 animi
1896 4239 2259 4317 affectibus
2303 4243 2563 4320 moveri
2606 4253 2679 4321 et
2724 4245 2935 4347 simul
2972 4245 3273 4346 origines
3316 4253 3657 4323 certorum
3696 4268 4064 4322 nervorum
4107 4241 4380 4318 irritari.

1339 4357 1602 4432 Verum
1650 4359 2050 4456 quaerimus
2071 4417 2093 4450 ,
2169 4361 2349 4436 sitne
2398 4362 2527 4438 hoc
2578 4363 2994 4442 documento
3009 4423 3030 4452 ‚
3098 4365 3458 4442 cerebrum
3494 4375 3568 4442 et
3612 4366 3915 4466 psychen
3962 4389 4179 4441 unam
4220 4387 4385 4438 ean-

1341 4477 1640 4576 demque
1698 4503 1846 4554 rem
1903 4482 2104 4556 esse?
2213 4479 2511 4557 Minime
2566 4483 2879 4582 quidem!
2934 4509 3075 4561 non
3132 4486 3355 4586 magis
3412 4511 3493 4562 ac
3542 4494 3775 4563 motus
3793 4545 3815 4577 ‚
3870 4509 4083 4587 quem
4130 4505 4387 4558 manus

1339 4597 1639 4696 perficit,
1679 4604 1762 4672 ut
1798 4622 1946 4678 rem
1963 4659 1984 4690 ,
2031 4625 2242 4701 quam
2288 4602 2521 4692 video,
2563 4603 2983 4703 prehendam
3004 4665 3025 4696 ,
3075 4607 3149 4686 in
3188 4631 3329 4707 quo
3368 4615 3567 4686 motu
3604 4609 3922 4684 voluntas
3967 4605 4041 4680 id
4081 4601 4381 4680 faciendi

1343 4715 1802 4794 conditionem
1832 4731 2152 4819 provocat
2183 4723 2256 4798 in
2289 4723 2568 4800 cerebro
2584 4783 2605 4812 ‚
2641 4749 2855 4824 quam
2893 4725 3181 4802 irritatio
3220 4751 3585 4806 nervorum
3625 4728 4075 4807 motoriorum
4114 4719 4381 4800 brachii

1345 4835 1676 4932 sequitur.
