4934 6184
1644 660 2359 763 'onar1o-
3379 696 3536 765 ·π

504 904 801 981 Minime
882 905 1078 983 verol
1196 905 1453 979 Insunt
1520 904 1699 981 bene
1768 904 1991 981 multa
2060 902 2385 981 laudibus
2454 925 2596 978 non
2669 901 3109 979 destituenda
3126 961 3146 993 ,
3215 928 3531 1006 quaeque

506 1026 739 1101 minus
805 1025 1162 1126 probanda
1220 1033 1387 1101 sunt
1442 1026 1688 1101 vitium
1707 1084 1728 1116 ,
1795 1035 1880 1102 ut
1936 1025 2123 1116 dixi,
2193 1024 2550 1101 continent
2602 1023 2826 1122 magis
2877 1031 3267 1125 temporum
3319 1050 3532 1127 quam

504 1143 908 1236 hominum;
958 1147 1083 1222 sed
1124 1146 1297 1236 iuris
1338 1145 1783 1246 interpretem
1828 1147 2026 1223 decet
2077 1146 2412 1246 principia
2456 1144 2628 1219 iuris
2675 1143 3041 1244 diligenter
3084 1154 3244 1221 ante
3297 1150 3534 1225 oculos

506 1265 799 1356 habere,
847 1267 1023 1343 iuris
1060 1266 1405 1342 ambitum
1446 1267 1922 1355 considerare,
1970 1271 2366 1342 accuratum
2406 1262 2683 1338 dicendi
2723 1286 2946 1361 genus
2983 1287 3122 1339 non
3161 1266 3531 1366 negligere.

506 1385 956 1475 Cavendum,
1022 1411 1111 1461 ne
1173 1385 1411 1486 legum
1472 1385 1639 1461 vitia
1700 1392 2109 1485 perpetuam
2170 1382 2377 1482 aequi
2428 1382 2734 1481 bonique
2786 1408 3138 1473 normam,
3202 1386 3534 1485 iurispru-

504 1504 815 1579 dentiam
865 1504 1131 1603 ipsam,
1177 1504 1251 1580 in
1287 1504 1513 1605 patria
1552 1510 1881 1581 evertant.
1983 1503 2187 1581 Quae
2229 1499 2586 1602 probanda
2623 1508 2789 1575 sunt
2831 1501 2980 1577 ab
2961 1500 3046 1577 iis
3085 1528 3264 1603 quae
3307 1528 3535 1604 repre-

507 1625 877 1701 hendenda
930 1626 1297 1726 diligenter
1334 1626 1879 1761 distinguentes,
1929 1622 2339 1710 efficiemus,
2391 1628 2474 1694 ut
2511 1620 2866 1696 codicibus
2904 1646 3075 1696 suus
3115 1631 3252 1697 stet
3285 1624 3538 1713 hence,

507 1746 810 1821 maxime
876 1769 1035 1821 vero
1052 1804 1075 1837 ,
1145 1753 1253 1821 ιιι.
1292 1771 1473 1845 quae
1534 1746 1611 1819 in
1674 1744 1761 1819 iis
1817 1744 2059 1818 insunt
2122 1742 2305 1817 bona
2356 1740 2664 1816 iustitiae
2720 1742 2896 1817 bene
2953 1744 3539 1823 administrandae

506 1865 816 1965 prosint,
884 1892 1063 1967 quae
1124 1891 1335 1967 prava
1394 1866 1711 1942 minusve
1772 1863 2129 1965 probanda
2188 1884 2439 1961 parum
2495 1860 2749 1937 obsint.
2849 1862 3238 1962 Legislator
3282 1865 3540 1943 scilicet

506 2010 647 2061 non
703 1985 1039 2061 dicendus
1088 1992 1195 2062 est
1250 1987 1503 2087 scripta
1555 1986 1711 2087 lege
1754 1985 1860 2059 uti
1882 2042 1903 2075 ,
1968 1990 2052 2058 ut
2095 1983 2209 2057 ius
2258 1987 2520 2058 evertat
2538 2038 2559 2071 ,
2611 1982 2734 2056 sed
2782 1989 2865 2056 ut
2912 1982 3089 2059 illud
3138 1988 3536 2076 confirmet,

466 2106 473 2113 ’
508 2105 809 2180 maxime
850 2130 1047 2195 vero,
1100 2114 1180 2180 ut
1226 2107 1380 2182 iura
1420 2107 1573 2206 ipsa
1620 2104 1887 2181 civibus
1934 2104 2390 2179 innotescant.

604 2226 855 2325 Itaque
908 2227 1079 2301 iuris
1123 2228 1458 2326 interpres
1477 2284 1497 2316 ,
1531 2226 1835 2301 Romani
1880 2250 2019 2301 non
2066 2224 2301 2299 minus
2348 2246 2563 2321 quam
2588 2223 2986 2299 Germanici
3029 2224 3198 2299 iuris
3241 2224 3539 2325 peritus,

504 2345 851 2444 patriique
908 2346 1081 2421 iuris
1148 2347 1635 2447 sagacissimus
1710 2345 2077 2445 indagator
2094 2402 2115 2433 ,
2182 2344 2274 2419 ad
2335 2366 2496 2418 vera
2569 2343 2740 2419 iuris
2811 2345 3146 2445 principia
3232 2346 3542 2446 singulas

506 2465 917 2565 legislatoris
987 2469 1364 2542 sententias
1420 2466 1678 2567 exigit,
1748 2474 1820 2541 et
1884 2490 1972 2541 ex
2038 2464 2217 2539 veris
2290 2463 2550 2563 recepti
2617 2463 2786 2539 iuris
2855 2465 3209 2565 principiis
3268 2466 3544 2566 singula

502 2585 825 2661 codicum
884 2586 1137 2686 placita
1192 2588 1525 2687 explieat,
1592 2608 1883 2661 aureum
1944 2584 2121 2659 illud
2176 2585 2655 2659 Romanorum
2712 2593 3159 2684 praeceptum
3219 2593 3538 2661 secutus:

506 2708 684 2780 scire
726 2707 907 2804 leyee
945 2732 1075 2780 non
1116 2714 1221 2783 est
1258 2708 1465 2782 verba
1511 2714 1741 2783 tenere
1781 2709 1909 2780 sed
1948 2702 2293 2781 verborum
2344 2706 2478 2778 vim
2529 2710 2736 2803 atque
2760 2708 3196 2803 potestatem.
3299 2706 3542 2785 Quod-

512 2825 574 2898 si
634 2823 747 2899 hie
810 2824 949 2899 illio
1006 2824 1083 2899 ιιι
1139 2825 1449 2924 iniquam
1511 2833 1635 2901 aut
1680 2848 1929 2926 parum
1980 2832 2257 2925 aptam,
2320 2830 2394 2898 at
2442 2823 2697 2897 claram
2752 2830 2986 2897 tamen
3037 2824 3214 2922 legis
3269 2832 3546 2899 senten-

511 2942 724 3031 tiam,
772 2967 1001 3042 neque
1036 2942 1597 3045 interpretatione
1626 2944 2111 3033 molliendam,
2150 2940 2551 3031 offenderit,
2597 2942 2831 3042 ipsum
2866 2942 3074 3018 illud·
3129 2944 3250 3018 boo
3281 2946 3548 3045 quidem

505 3089 835 3164 perquam
899 3065 1135 3139 durum
1200 3067 1326 3139 sed
1380 3066 1485 3139 ita
1526 3066 1641 3140 lev
1686 3068 1982 3163 scripta,
2046 3064 2508 3165 legislatorem
2553 3060 2954 3139 admonebit
3002 3063 3092 3137 de
3141 3064 3548 3140 necessitate

514 3182 623 3257 vel
694 3180 1067 3279 supplendi
1128 3182 1354 3281 legem
1428 3182 1538 3257 vel
1598 3180 2035 3260 emendandi.
2152 3180 2443 3257 Interim
2521 3204 2680 3257 vero
2745 3182 2936 3283 apud
2996 3182 3384 3259 auditorem
3445 3187 3554 3261 vel

518 3302 840 3378 lectorem
924 3302 1269 3399 genuinae
1342 3301 1923 3403 iurisprudentiae
1994 3301 2431 3378 confirmabit
2511 3304 2990 3379 auctoritatem
3007 3362 3028 3394 ,
3104 3304 3550 3405 ipsorumque

510 3422 826 3498 animum
877 3420 1378 3521 ingeniumque
1418 3422 1521 3523 ad·
1556 3436 1786 3499 veram
1832 3422 2275 3524 prudentiam
2328 3422 2597 3497 civilem
2643 3423 2988 3499 formabit.

612 3540 889 3620 Quodsi
954 3565 1115 3616 vero
1188 3542 1348 3639 quis
1412 3566 1553 3617 non
1624 3550 1899 3618 tantum
1916 3600 1936 3631 ,
2000 3542 2345 3617 humanae
2402 3541 2896 3618 imbecillitatis
2970 3544 3186 3644 probe
3241 3566 3508 3619 memor
3530 3603 3549 3633 ,

514 3662 832 3737 codicum
869 3662 1357 3761 ,scriptoribus
1421 3661 1709 3738 humani
1772 3662 1943 3763 quid
2015 3660 2443 3761 patientibus
2509 3662 2709 3738 facile
2787 3662 3100 3763 ignoscat
3119 3722 3139 3753 ,
3215 3664 3338 3738 sed
3400 3664 3550 3762 ipsa

517 3770 690 3858 adeo
758 3780 925 3855 vitia
985 3779 1225 3870 sileat,
1292 3805 1527 3856 vereor
1547 3839 1568 3872 ,
1637 3782 1841 3857 AA.l
1916 3804 2007 3856 ne
2075 3782 2189 3856 hie
2252 3780 2534 3880 gravius
2589 3781 2812 3856 multo
2857 3782 3196 3857 damnum
3244 3782 3508 3856 adferat
3527 3838 3546 3868 ,

522 3926 735 3999 quam
810 3901 873 3977 is
939 3900 1063 3999 qui
1126 3901 1597 4001 negligentius
1666 3926 1879 3999 quam
1940 3907 2211 4000 oportet
2283 3900 2473 3998 leges
2534 3900 2898 3999 scripserit.
2999 3900 3239 3975 Potest
3291 3899 3547 3975 scilicet

522 4019 713 4118 quod
771 4019 845 4094 in
898 4020 1171 4119 legibus
1220 4046 1469 4121 parum
1528 4029 1714 4097 recte
1772 4021 2106 4120 seriptum
2158 4027 2265 4095 est
2304 4020 2415 4095 vel
2452 4020 2790 4095 omissum
2841 4044 2928 4095 ex
2967 4020 3140 4095 iuris
3188 4020 3546 4119 disciplina

526 4138 637 4213 vel
702 4138 1009 4237 suppleri
1074 4140 1183 4216 vel
1238 4141 1526 4241 corrigi,
1598 4141 1723 4215 sed
1780 4140 1903 4216 ubi
1950 4138 2164 4215 semel
2214 4138 2580 4217 obscurata
2623 4142 2778 4241 ipsa
2829 4142 3000 4217 iuris
3055 4141 3547 4226 doctrina-est,

530 4282 744 4333 vanae
794 4282 1075 4357 prorsus
1118 4269 1330 4360 atque
1368 4254 1649 4337 inutiles
1692 4270 1901 4337 erunt
1948 4260 2138 4361 ipsae
2186 4260 2399 4337 etiam
2436 4268 2620 4337 reete
2669 4262 2960 4362 scriptae
3001 4262 3222 4362 leges!

620 4498 859 4597 Atque
922 4497 1037 4573 hic
1091 4498 1377 4596 quidem
1422 4502 1621 4577 venio
1664 4510 1911 4603 sponte
1958 4502 2051 4577 ad
2096 4494 2546 4602 Leyalatoris
2587 4505 2902 4601 (fficium.
3003 4502 3236 4600 Leges·
3263 4498 3374 4574 hie
3417 4522 3555 4572 non

524 4617 798 4717 scripsit
818 4676 840 4707 ‚
894 4625 977 4693 ut
1032 4618 1176 4693 iam
1237 4617 1561 4720 deinceps
1602 4621 2043 4697 immutabile
2090 4628 2271 4695 esset
2320 4622 2556 4720 ipsum
2611 4618 2722 4695 ius
2741 4677 2761 4709 ,
2813 4621 2936 4695 sed
2987 4628 3068 4695 ut
3109 4619 3279 4695 iuris
3320 4618 3556 4694 condi-

522 4738 785 4813 tionem
834 4745 989 4813 tum
1030 4738 1390 4815 certiorem
1430 4740 1790 4831 redderet,
1838 4749 1992 4817 tum
2048 4762 2206 4814 vero
2264 4740 2476 4815 etiam
2537 4740 2954 4817 emendaret.
3055 4740 3328 4819 Quodsi
3399 4738 3560 4838 q‘uis

525 4858 625 4933 ita
682 4858 955 4959 generis
1016 4858 1307 4937 humani
1360 4868 1435 4936 et
1484 4866 1808 4939 naturam
1856 4867 1929 4938 et
1984 4859 2341 4937 historiam
2389 4860 2686 4962 ignoret,
2741 4872 2822 4938 ιιι
2861 4870 3064 4964 putet
3109 4860 3556 4965 probabiliter
