4934 6184
1411 661 1498 728 86
2585 661 2636 725 1.
2707 681 2877 727 vau
2945 660 3265 727 HALL

1409 866 1692 942 fuerunt
1712 924 1732 956 ,
1781 867 2344 968 quandoquidem
2392 891 2619 965 neque
2636 926 2655 956 ‚
2706 874 2788 942 ut
2829 867 3129 967 placeret
3164 867 3684 968 peregrinorum
3712 867 4089 944 dominatio
4105 927 4124 957 ,
4174 870 4447 946 efficere

1405 994 1781 1087 potuerunt
1842 988 2232 1088 probabiles
2292 989 2689 1088 ceteroquin
2761 987 2948 1088 leges
2968 1047 2991 1078 ,
3054 1013 3281 1088 neque
3322 985 3735 1062 inducendis
3786 987 3964 1062 alius
4019 988 4251 1086 gentis
4289 990 4439 1089 pla·

1409 1107 1562 1182 citis
1611 1106 2089 1208 institutisque
2137 1109 2464 1184 exsistere
2508 1106 2739 1206 potuit
2783 1106 3015 1180 unitas
3058 1105 3179 1180 illa
3218 1103 3654 1180 Germanica.
3729 1104 4003 1180 Scilicet
4032 1131 4121 1180 cx
4146 1106 4233 1182 iis
4260 1132 4444 1206 quae

1405 1249 1696 1324 peregre
1749 1225 2230 1300 adsciscuntur
2249 1285 2270 1315 ,
2310 1248 2583 1299 morum
2626 1223 3001 1322 legumque
3042 1222 3211 1298 oriri
3248 1247 3389 1297 non
3433 1229 3663 1322 potest
3709 1223 3846 1298 nisi
3880 1225 4197 1300 confusio
4227 1233 4450 1324 atque.

1401 1343 1853 1441 complicatio.
1949 1344 2200 1444 Neque
2257 1345 2445 1419 enim
2496 1367 2721 1418 mores
2740 1400 2761 1430 ,
2810 1343 3345 1417 eonsuetudines
3362 1401 3383 1431 ,
3433 1342 3623 1442 leges
3674 1342 3849 1418 adeo
3867 1402 3888 1432 ‚
3938 1344 4129 1442 pallii
4178 1344 4396 1420 instar
4410 1405 4439 1434 ,

1403 1485 1566 1558 cum
1615 1462 1768 1538 aliis
1813 1463 2124 1538 moribus
2145 1521 2166 1553 ‚
2232 1462 2893 1551 consuetudinibus,
2958 1462 3231 1562 legibus
3274 1471 3709 1537 commutare
3745 1462 3945 1553 licet,
3990 1463 4115 1538 sed
4152 1463 4252 1539 ita
4302 1465 4387 1539 iis
4409 1525 4435 1555 ,

1403 1605 1582 1680 quae
1647 1581 1838 1681 apud
1906 1607 2034 1657 nos
2099 1583 2328 1658 valent
2387 1582 2764 1682 vigentque
2828 1582 3077 1656 studiis
3119 1581 3612 1663 „admiscentur
3677 1581 3878 1681 quasi
3944 1583 4167 1658 aliena
4184 1641 4205 1671 ,
4255 1608 4435 1683 quae

1399 1725 1537 1775 non
1599 1701 1700 1776 ita
1763 1701 1964 1776 facile
2027 1727 2186 1778 cum
2247 1702 2382 1778 illis
2447 1703 2841 1778 coalescunt
2908 1709 3119 1800 atque
3168 1701 3342 1776 adeo
3400 1700 3833 1800 conspirant3
3898 1701 4071 1776 iuris
4120 1701 4429 1778 fontibus

1397 1820 1734 1897 accedunt
1804 1821 2000 1909 novi,
2069 1828 2280 1922 atquc
2347 1821 2521 1896 dum
2576 1820 2947 1920 simplicior
3011 1827 3223 1918 atque
3282 1818 3709 1918 aequabilior
3772 1819 4203 1920 excogitatur
4262 1821 4433 1896 iuris

1395 1941 1698 2016 conditio
1715 1999 1740 2029 ,
1800 1941 2180 2016 intricatior
2241 1947 2453 2040 atque
2517 1939 2820 2040 iniquior
2866 1939 3013 2014 fere
3060 1939 3384 2015 exoritur.
3486 1939 3760 2017 Quodsi
3816 1963 3957 2014 non
4016 1964 4105 2015 ex
4160 1939 4435 2042 legibus

1391 2085 1678 2162 peregre
1737 2061 2021 2135 adscitis
2081 2060 2667 2137 transscribantur
2684 2119 2703 2149 ‚
2774 2060 2900 2134 sed
2956 2059 3197 2160 patriis
3260 2085 3349 2136 ex
3394 2057 3709 2135 moribus
3764 2059 4199 2134 deducantur
4244 2061 4433 2160 leges

1395 2203 1615 2255 novae
1639 2238 1660 2268 ,
1713 2205 1878 2255 sane
1921 2207 2062 2256 non
2105 2189 2300 2258 tanta
2348 2180 2717 2280 derepente
2762 2179 3047 2255 exsistet
3092 2179 3350 2256 iurium
3396 2177 3707 2254 turbatio
3727 2177 4163 2278 violentaque
4200 2203 4429 2255 rerum

1393 2299 1848 2398 pristinarum
1917 2302 2264 2376 conversio
2279 2361 2299 2392 ‚
2364 2311 2438 2377 at
2488 2301 2595 2376 vel
2638 2301 2735 2376 sic
2780 2308 3014 2376 tamen
3058 2301 3437 2376 verendum
3490 2323 3580 2373 ne
3601 2357 3622 2390 ,
3672 2299 3797 2398 qui
3838 2322 4117 2375 omnem
4158 2298 4429 2374 univer-

1391 2444 1682 2519 samque
1746 2407 2128 2496 describere
2185 2429 2475 2498 conetur
2535 2420 2797 2496 iurium
2852 2420 3157 2496 civilium
3208 2420 3285 2494 in
3331 2418 3555 2521 patria
3602 2417 3973 2508 rationem,
4024 2443 4166 2492 non
4210 2443 4427 2517 aeque

1386 2540 1460 2613 in
1523 2541 1814 2640 singulis
1887 2535 2037 2616 eius
2115 2540 2464 2641 capitibus
2532 2547 2719 2616 recte
2804 2539 3015 2639 atque
3092 2565 3249 2622 vere
3319 2538 3661 2616 sustinere
3738 2539 3959 2614 valeat
4023 2537 4431 2638 legislatoris

1383 2681 1770 2756 personam.

1485 2897 1666 2984 Sed,
1735 2903 1818 2972 ut
1892 2896 2080 2986 dixi,
2145 2897 2350 2974 Am!
2428 2897 2601 2974 haec
2668 2899 2953 2998 quidem
3014 2896 3327 2998 quaestio
3394 2903 3466 2972 et
3530 2898 3693 2974 trita
3754 2905 3905 2988 est,
3970 2895 4233 2996 qnippe
4303 2920 4425 2997 per

1397 3015 1906 3115 quinquaginta
1947 3017 2158 3090 ferme
2207 3041 2424 3092 annos
2469 3019 2545 3094 in
2590 3019 2809 3094 varias
2852 3025 3083 3118 partes
3130 3017 3392 3118 agitata
3410 3077 3431 3108 ,
3482 3025 3553 3094 et
3595 3017 3903 3094 obsoleta
3944 3025 4157 3116 atque
4186 3039 4419 3115 super-

1391 3159 1725 3224 vacanea3
1777 3159 1941 3210 nam
1970 3135 2231 3210 habent
2273 3135 2414 3212 iam
2455 3136 2822 3237 pleraeque
2866 3139 3187 3238 Europae
3226 3144 3472 3238 gentes
3490 3197 3513 3228 ‚
3559 3138 3899 3216 habemus
3935 3161 4062 3212 nos
4094 3137 4170 3211 in
4201 3136 4418 3236 patria
4454 3163 4463 3169 ·

1381 3261 1616 3326 nostra
1683 3253 1952 3328 codices
1977 3312 2002 3342 ,
2067 3253 2328 3352 quibus
2387 3257 2577 3356 apud
2624 3281 2763 3332 -nos
2835 3257 3121 3356 quidem
3184 3256 3615 3334 adiiciendus
3676 3263 3954 3334 tantum
4004 3255 4277 3331 videtur
4329 3254 4421 3328 de
4572 3315 4579 3322 .

1386 3371 1797 3446 criminibus
1850 3379 2060 3472 atque
2121 3374 2361 3473 poenis
2407 3376 2625 3450 codex
2644 3435 2664 3466 ‚
2728 3383 2811 3449 ut
2857 3383 3086 3456 totum
3139 3377 3376 3476 legum
3418 3385 3811 3464 nostrarum
3857 3375 3919 3451 si
3963 3399 4103 3451 non
4149 3373 4417 3450 illustre

1383 3498 1918 3567 monumentum
1939 3551 1958 3581 ,
2011 3499 2085 3568 at
2127 3493 2519 3568 aedificium
2570 3503 2799 3570 tamen
2838 3494 3236 3570 absolutum
3276 3521 3427 3572 esse
3474 3497 3809 3572 videatur.

1480 3609 1678 3688 Quid
1739 3611 1956 3718 igitur
2015 3619 2122 3686 cst
2161 3638 2288 3697 our
2331 3636 2658 3712 quaeram
2682 3671 2701 3701 ,
2754 3620 2989 3688 utrum
3043 3612 3307 3690 felicem
3356 3639 3588 3690 rerum
3633 3622 4031 3690 nostrarum
4078 3611 4415 3690 conditio-

1375 3753 1536 3804 nem
1595 3730 1993 3829 praedicare
2042 3741 2354 3831 oporteat
2369 3790 2392 3820 ,
2455 3731 2581 3832 qui
2626 3733 2861 3833 legum
2900 3733 3265 3810 codicibus
3312 3735 3579 3812 utimur
3624 3734 4057 3834 fruimurque
4104 3731 4369 3831 scriptis
4385 3789 4410 3819 ,

1374 3873 1462 3922 an
1523 3873 1683 3924 vero
1739 3849 1826 3922 de
1893 3875 1974 3924 ea
2023 3875 2104 3926 re
2153 3853 2431 3950 querela
2500 3853 2929 3930 instituenda
2997 3855 3110 3930 sit.
3228 3855 3473 3935 Certas
3522 3855 3986 3954 omnibusque
4026 3853 4257 3953 palam
4294 3875 4408 3926 oo·

1375 3967 1612 4066 gnitas
1645 3967 1760 4042 alii
1797 3969 2130 4046 extollant
2178 3971 2372 4071 leges
2387 4031 2408 4061 ,
2459 3997 2638 4070 quae
2683 3972 2928 4051 incerti
2972 3997 3359 4074 parumque
3402 3975 3669 4075 cogniti
3710 3973 3881 4050 iuris
3927 3970 4403 4072 occupaverint

1373 4087 1644 4174 locum3
1693 4087 1810 4162 alii
1852 4112 2083 4164 veram
2121 4092 2641 4190 genuinamque
2680 4091 3291 4192 iurisprudentiam
3310 4152 3331 4184 ‚
3379 4094 3517 4170 nisi
3562 4095 3884 4172 funditus
3934 4115 4241 4170 eversam
4258 4147 4279 4180 ‚
4328 4097 4399 4165 at

1371 4206 1580 4284 arctis
1617 4213 1854 4282 tamen
1891 4209 2210 4286 cancellis
2251 4211 2783 4310 circumseptam
2824 4213 3211 4290 clamitent!
3287 4214 3555 4293 Omnes
3596 4215 3673 4290 hi
3710 4214 3945 4293 oleum
3982 4233 4401 4312 operamque

1371 4324 1716 4426 perdunt,
1763 4349 1992 4424 neque
2042 4327 2230 4406 enim
2271 4329 2422 4406 tolli
2472 4338 2595 4406 aut
2649 4330 2907 4408 debent
2950 4339 3073 4411 aut
3114 4341 3407 4434 possunt
3450 4335 3690 4435 scripti
3728 4335 3869 4410 iam
3914 4332 4185 4412 codices
4204 4388 4224 4420 ‚
4274 4329 4399 4406 sed

1371 4445 1448 4520 id
1487 4444 1838 4544 agendum
1857 4503 1878 4534 ,
1919 4453 2002 4546 ut
2038 4447 2621 4550 iurisprudentiae
2658 4451 3157 4543 conditionem,
3198 4464 3357 4554 post
3391 4479 3609 4532 novos
3650 4453 3921 4534 codices
3938 4510 3959 4542 ‚
4008 4451 4233 4552 qualis
4264 4449 4399 4538 Sit,

1371 4564 1586 4662 probe
1631 4565 2100 4666 intelligamus
2116 4626 2142 4659 ‚
2203 4592 2288 4648 eo
2329 4568 2771 4670 potissimum
2814 4571 3099 4652 consilio
3116 4631 3137 4662 ‚
3188 4580 3269 4650 ut
3309 4574 3486 4680 quid
3528 4575 3699 4653 iuris
3740 4571 4138 4672 interpreti,
4188 4569 4389 4671 quid-

1373 4709 1511 4782 que
1559 4683 1934 4784 legislatori
1985 4687 2123 4768 iam
2172 4689 2302 4768 hoc
2345 4696 2581 4768 nostro
2628 4698 2937 4793 tempore
2984 4693 3337 4794 agendum
3380 4699 3453 4771 et
3494 4693 3955 4774 factitandum
4000 4692 4135 4784 sit,
4178 4689 4399 4792 probe

1368 4826 1890 4904 cognoscamus.
