4934 6184
1343 671 1426 740 12
2429 667 3291 736 &vlssnulnc

1329 901 1700 954 numerum
1721 934 1742 966 ,
1813 899 1994 976 quae
2053 874 2310 976 oppida
2381 899 2701 976 quaeque
2764 898 3119 974 pagosque
3176 881 3249 946 et
3308 871 3453 947 fere
3512 873 3823 972 singulas
3874 898 4119 948 omnes
4172 876 4369 952 villas

1337 1005 1668 1086 nectunt,
1737 1003 1810 1072 et
1868 1021 1992 1094 per
2059 1021 2240 1096 quas
2311 997 2675 1072 innumera
2734 997 2883 1070 vela
2946 996 3085 1070 huc
3140 995 3307 1068 illuc
3352 994 3712 1068 volitantia
3758 1003 4137 1068 cernuntur
4160 1053 4183 1084 ,
4228 995 4373 1071 fene

1335 1117 1708 1194 credideris
1727 1175 1748 1207 ,
1819 1125 1976 1216 post
2039 1117 2320 1216 longam
2377 1117 2889 1192 contentionem
2912 1174 2935 1204 ,
2998 1139 3257 1214 aequor
3304 1115 3487 1188 inter
3526 1121 3601 1186 et
3646 1123 3899 1188 terram
3940 1115 4375 1213 dispertitam

1335 1263 1486 1314 esse
1533 1237 1952 1338 provinciam
1995 1245 2068 1312 et
2107 1237 2218 1314 vix
2259 1237 2617 1336 pauciores
2656 1237 2915 1310 incolas
2950 1236 3025 1310 in
3070 1235 3364 1334 navigiis
3400 1235 3653 1332 degere
3690 1260 3905 1332 quam
3942 1236 4019 1308 in
4058 1235 4373 1312 aedibus.

1341 1357 1544 1432 Unde
1609 1357 1942 1432 eximium
2005 1363 2080 1430 et
2135 1356 2492 1456 proprium
2538 1356 2701 1430 huie
2752 1356 2901 1430 loco
2948 1355 3393 1430 commodum
3448 1355 3754 1428 nascitur
3798 1363 4221 1428 mercaturae
4252 1357 4373 1448 ιε).

1335 1475 1672 1552 Videlicet
1741 1501 1864 1574 per
1925 1500 2146 1550 unum
2209 1501 2475 1574 equum
2540 1476 2760 1574 cybea
2816 1475 3053 1576 plures
3106 1474 3647 1548 transvehuntur
3694 1497 3953 1547 merces
4000 1499 4213 1571 quam
4254 1499 4377 1574 per

1337 1595 1844 1696 quinquaginta
1895 1621 2162 1670 sarraco
2179 1629 2200 1684 ;
2251 1597 2442 1694 quod
2482 1596 2787 1670 multum
2824 1595 3107 1695 expedit
3126 1653 3147 1682 ,
3196 1593 3761 1694 quandoquidem
3810 1593 4077 1686 (audite
4120 1619 4375 1692 quaeso

1335 1717 1648 1816 Anglum
1721 1716 2184 1792 Oeconomiae
2243 1715 2571 1790 Politicae
2634 1715 3017 1808 doctorem)
3082 1723 3361 1789 vectura
3420 1739 3547 1813 pro
3598 1737 3855 1812 magna
3896 1721 4092 1812 parte
4144 1723 4251 1788 est
4302 1715 4375 1788 in

1335 1861 1564 1912 rerum
1607 1836 1950 1912 venalium
1993 1835 2234 1938 pretio,
2323 1835 2655 1924 Accedit,
2690 1835 2883 1934 quod
2922 1860 3046 1933 per
3086 1836 3265 1910 hane
3300 1835 3737 1910 commodam
3780 1834 4047 1910 itineris
4084 1834 4377 1911 faciendi

1337 1957 1674 2032 rationem
1723 1957 1824 2030 vir
1879 1955 2092 2032 solers
2135 1955 2408 2030 nullum
2465 1963 2745 2056 tempus
2790 1940 3119 2056 praeripit
3168 1954 3465 2054 negotiis
3482 1989 3503 2044 ;
3552 1981 3719 2030 nam
3764 1955 3841 2028 in
3878 1955 4125 2030 itinere
4172 1957 4375 2056 legit,

1337 2075 1575 2150 cibum
1641 2076 1828 2174 capit
1903 2081 1976 2150 et
2049 2099 2414 2164 somnum3
2496 2077 2775 2152 ditescit
2840 2085 3079 2151 autem
3144 2076 3385 2150 civitas
3458 2076 4013 2168 (animadvertite
4086 2077 4377 2151 alterum

1339 2205 1780 2296 praeceptum
1804 2254 1824 2284 ,
1891 2195 2081 2295 quod
2129 2202 2201 2270 et
2245 2195 2450 2270 hodie
2500 2196 2575 2272 in
2616 2196 3007 2298 Anglorum
3048 2221 3166 2270 ore
3210 2195 3385 2270 solet
3428 2203 3607 2289 esse)
3652 2221 3794 2296 quo
3836 2197 3995 2296 plus
4050 2196 4379 2296 temporis

1337 2315 1640 2418 negotiis
1691 2315 1856 2390 dare
1905 2322 2200 2414 possunt
2244 2315 2448 2392 cives.

1431 2437 1648 2512 Aliud
1703 2435 2003 2535 denique
2047 2435 2316 2510 bonum
2359 2441 2602 2512 auctor
2650 2437 2947 2536 explicat
2996 2460 3037 2509 e
3064 2436 3255 2535 putri
3294 2436 3425 2512 hae
3452 2443 3523 2512 et
3546 2461 3809 2535 aquosa
3832 2436 3961 2510 soli
3982 2445 4230 2512 natura
4257 2439 4375 2530 ¹⁰).

1335 2557 1524 2632 Hinc
1561 2557 1748 2632 enim
1804 2557 2068 2632 sactum
2109 2579 2310 2645 esse,
2359 2561 2442 2629 ut
2487 2556 2672 2643 viae,
2723 2562 2867 2629 tam
2908 2553 2985 2626 in
3042 2553 3213 2652 ipsis
3262 2553 3543 2653 oppidis
3578 2579 3795 2652 quam
3830 2555 4011 2629 inter
4032 2555 4377 2654 singulas,

1338 2685 1590 2754 stratae
1657 2677 1796 2751 sint
1845 2675 2029 2752 saxis
2071 2675 2525 2752 lateribusve:
2576 2699 2741 2752 nam
2792 2697 2964 2748 usus
3006 2674 3423 2774 populorum
3467 2674 3887 2775 plerumque
3922 2701 3963 2750 e
4010 2675 4374 2752 necessita·

1335 2798 1526 2874 tibus
1575 2803 1882 2874 manant.

1439 2919 1810 2994 Caeterum
1857 2941 1994 2992 non
2037 2923 2249 3016 negat
2290 2917 2669 2992 'I'nnrmus
2692 2975 2713 3006 ,
2764 2915 2873 2990 his
2916 2915 3119 2991 bonis
3158 2923 3233 2991 et
3280 2918 3465 2993 mala
3508 2919 3851 3018 quaedam
3906 2920 4226 2994 accedere
4246 2919 4369 3010 ²⁰).

1335 3039 1612 3113 Saevior
1655 3037 1768 3110 hic
1817 3036 2238 3136 protrahitur
2289 3016 2516 3112 hiems
2569 3061 2782 3134 quam
2826 3037 2901 3112 in
2944 3037 3243 3136 Anglia;
3294 3061 3411 3112 ver
3450 3039 3724 3114 brevius
3744 3097 3763 3126 ,
3814 3063 3939 3114 nec
3991 3038 4371 3112 admodum

1335 3157 1672 3244 clemens;
1741 3163 1968 3230 aestas
2021 3153 2320 3230 subinde
2384 3155 2736 3230 ardentior
2786 3156 2947 3232 urit.
3051 3157 3342 3232 Varium
3410 3183 3681 3256 semper
3734 3159 3997 3234 coelum
4018 3215 4039 3246 ,
4112 3165 4185 3230 et
4244 3181 4374 3231 nec

1335 3275 1652 3378 opinate,
1703 3285 1784 3348 ut
1825 3275 2073 3350 nullibi
2123 3275 2462 3363 locorum,
2514 3300 2678 3350 cum
2716 3275 2887 3376 ipsis
2929 3277 3151 3352 ventis
3196 3285 3538 3367 mutatur,
3588 3280 3688 3354 ita
3732 3279 4009 3354 utlenis
4032 3285 4103 3352 et
4132 3277 4369 3375 tepida

1337 3404 1710 3496 tempestas
1767 3419 1908 3470 una
1961 3403 2162 3470 nocte
2203 3395 2278 3469 in
2319 3419 2473 3471 acre
2516 3403 2820 3471 transeat
2862 3397 3027 3497 gelu
3046 3456 3067 3487 ,
3116 3405 3187 3472 et
3230 3405 3467 3472 contra
3488 3456 3507 3487 ,
3556 3443 3657 3459 —
3701 3400 3988 3497 perinde
4026 3423 4107 3472 ac
4134 3397 4369 3495 frigori

1341 3517 1552 3592 febris
1605 3523 1886 3616 repente
1927 3515 2236 3590 succedit
2283 3523 2539 3594 aestus,

1437 3637 1832 3714 Maximum
1897 3644 2132 3712 autern
2199 3636 2537 3712 damnum
2594 3643 2703 3730 (ut
2753 3636 2841 3713 de
2884 3637 3037 3712 aliis
3092 3645 3386 3732 taceam)
3436 3639 3655 3714 oritur
3700 3665 3739 3714 e
3788 3639 4085 3739 regionis
4130 3637 4365 3713 condi-

1339 3759 1525 3833 tione
1589 3757 1854 3856 solique
1924 3763 2174 3832 natura
2235 3755 2406 3844 hoe,
2474 3757 2663 3855 quod
2724 3757 3103 3832 humiditas
3161 3757 3297 3834 ista
3360 3767 3513 3833 tum
3560 3759 3923 3834 hominum
3970 3754 4372 3858 corporibus

1340 3886 1492 3954 tum
1535 3875 1914 3954 commodis
1963 3884 2206 3952 noceat
2226 3879 2350 3968 21).
2401 3877 2785 3952 Tentantur
2808 3877 3067 3952 incolae
3092 3877 3232 3952 fere
3258 3878 3503 3977 quinto
3534 3905 3813 3979 quoque
3840 3887 4176 3955 autumno
4206 3901 4365 3952 con-

1339 3999 1621 4100 tagiosis
1697 3996 1958 4072 morbis
2025 3997 2426 4095 praesertim
2482 3998 2987 4073 Amstelodami
3042 4007 3111 4072 et
3172 3999 3351 4073 circa
3416 4025 3659 4074 eorum
3706 3998 4136 4097 Lugdunum
4156 4057 4176 4085 ‚
4247 3996 4370 4069 uhi

1339 4140 1590 4216 nempe
1641 4125 1965 4216 stagnant
2008 4141 2250 4215 aquae.
2351 4119 2446 4191 Et
2492 4117 2651 4192 hinc
2698 4118 3186 4218 explicandum
3228 4119 3408 4193 duco
3458 4120 3612 4211 (ait)
3639 4177 3659 4207 ,
3710 4118 3888 4193 hanc
3934 4117 4172 4191 urbem
4212 4139 4373 4214 prae

1340 4237 1624 4312 cacteris
1681 4235 2006 4310 omnibus
2077 4235 2371 4310 nitidam
2429 4263 2577 4312 esse
2632 4245 2703 4312 et
2771 4238 3053 4314 lautam.
3152 4239 3297 4314 Res
3362 4249 3595 4313 autem
3622 4299 3641 4326 ,
3710 4237 3965 4336 quibus
4026 4236 4117 4312 ad
4164 4236 4372 4308 vitam

1341 4355 1816 4432 instruendam
1888 4379 2067 4455 opus
2135 4364 2281 4444 est,
2345 4365 2680 4454 perpetuo
2745 4357 3113 4433 diluendae
3182 4367 3253 4432 et
3314 4357 3811 4458 abstergendae
3858 4365 4025 4432 sunt
4062 4381 4149 4429 ne
4194 4355 4374 4426 ultro

1343 4478 1752 4578 depereant3
1831 4477 2018 4550 unde
2099 4476 2353 4550 candor
2427 4476 2541 4551 ille
2612 4483 2684 4550 et
2749 4477 2930 4552 nitor
2988 4480 3111 4577 qui
3174 4478 3549 4553 offenditur
3592 4479 3665 4550 in
3720 4502 3959 4551 eorum
4005 4473 4327 4552 domibus
4352 4529 4371 4558 ‚

1345 4597 1532 4696 quod
1599 4607 1832 4672 autem
1901 4595 2250 4672 immerito
2315 4596 2531 4672 nimio
2596 4596 2874 4673 cuidam
2932 4624 3170 4674 eorum
3229 4599 3546 4698 tergendi
3591 4607 3661 4674 et
3706 4595 4096 4697 retergendi
4144 4591 4375 4668 studio

1345 4699 1757 4791 adscribitur
1803 4741 1844 4790 a
1894 4717 2316 4816 quibusdam
2363 4716 2772 4793 festinanter
2818 4718 3121 4794 iudicare
3172 4719 3572 4794 solentibus,

1448 4833 1586 4908 Sed
1625 4833 1792 4910 haec
1839 4835 2070 4934 paullo
2115 4836 2589 4912 iniucundiora
2643 4838 3027 4916 mittamus.
3078 4881 3173 4896 —-
3215 4839 3601 4937 Regionem
3647 4837 3825 4912 hanc
3867 4834 4167 4911 maxime
4198 4855 4373 4906 mer·
