4934 6184
1351 659 1478 728 256
2327 657 2525 726 VAN
2588 654 3047 726 BONEVAL
3104 659 3433 727 raum-2

1347 865 1662 946 adhiberi
1709 868 1970 942 sinunt.
2069 867 2316 944 Quum
2379 867 2595 944 semel
2642 865 2759 943 ius
2808 866 3007 944 civile
3023 923 3045 957 ,
3096 872 3441 966 quantum
3492 864 3643 940 fieri
3688 863 4003 965 potuerit
4016 923 4037 954 ‚
4084 865 4159 940 in
4210 865 4395 942 codi-

1345 1013 1496 1064 cem
1537 985 1746 1060 fuerit
1792 985 2152 1060 redactum
2165 1042 2185 1074 ‚
2225 985 2543 1062 omnium
2584 987 2759 1064 iuris
2792 987 3107 1088 capitum
3154 987 3417 1064 facilior
3458 985 3590 1060 erit
3628 995 4039 1084 conspectus
4084 986 4395 1086 adeoque

1343 1131 1578 1184 cavere
1597 1121 1604 1133 ·
1623 1113 1852 1207 potest
1913 1104 2264 1206 legislator
2302 1130 2392 1181 ne
2435 1106 2619 1182 inter
2656 1133 2741 1184 ea
2786 1133 2967 1208 quae
3010 1113 3377 1182 mutentur
3390 1161 3413 1196 ,
3462 1103 3815 1180 addentur
3851 1105 3961 1180 vel
4008 1104 4397 1182 inserantur

1345 1253 1506 1304 cum
1552 1227 1838 1304 caeteris
1885 1251 2126 1326 pugna
2167 1225 2450 1302 oriatur.
2552 1227 2767 1306 Quod
2818 1227 3171 1328 quomodo
3216 1225 3421 1304 vitari
3466 1223 3773 1325 potuerit
3788 1281 3813 1315 ,
3854 1224 4211 1302 codicibus
4248 1251 4387 1302 non

1343 1347 1675 1437 conditis,
1723 1346 2052 1446 equidem
2103 1369 2246 1422 non
2299 1345 2631 1447 intelligo.

1439 1587 1660 1662 Aliud
1707 1585 2226 1662 incommodum
2289 1593 2605 1684 superest
2664 1611 2751 1661 ex
2820 1587 2975 1687 ipso
3022 1585 3259 1663 codice
3302 1585 3633 1662 Francico
3690 1585 3991 1685 petitum
4036 1611 4179 1687 quo
4224 1588 4391 1662 mihi

1341 1710 1550 1784 etiam
1613 1707 1938 1808 prodesse
1985 1707 2212 1806 magis
2259 1731 2473 1804 quam
2518 1729 2765 1782 nocere
2814 1706 3085 1782 codices
3139 1705 3483 1782 videntur.
3586 1705 3927 1784 Querelas
3974 1707 4131 1782 dico
4170 1717 4393 1783 motas

1340 1830 1431 1903 de
1481 1829 1632 1902 iure
1677 1827 2090 1903 subsidiario
2137 1826 2342 1926 plane
2389 1825 2750 1926 neglecto,
2800 1826 2909 1902 uti
2950 1825 3025 1900 in
3068 1825 3305 1902 codice
3362 1825 3899 1924 Napoleoutico,
3948 1832 4023 1902 et
4076 1826 4169 1902 ab
4212 1826 4391 1902 eius-

1337 1949 1496 2024 dem
1549 1947 1950 2022 auctoribus
1999 1947 2182 2022 male
2225 1943 2597 2020 intellecto,

1431 2069 1646 2143 Mitto
1685 2066 1876 2167 quod
1913 2089 2054 2140 non
2101 2064 2269 2141 satis
2323 2090 2547 2164 aeque
2604 2066 2703 2141 sic
2746 2067 2837 2142 de
2882 2066 3119 2143 codice
3164 2065 3665 2166 Napoleontico
3724 2065 4135 2142 iudicaverit
4178 2067 4389 2140 SAVI·

1339 2211 1510 2262 mus
1577 2187 1838 2284 quippe
1915 2185 2008 2259 ad
2075 2184 2364 2283 perfecti
2431 2193 2645 2284 atque
2717 2187 3045 2262 omnibus
3114 2186 3423 2262 numeris
3475 2185 3777 2263 absoluti
3836 2187 4091 2262 codicis
4152 2185 4383 2284 requi-

1333 2308 1466 2380 sita
1530 2304 1732 2380 illum
1795 2305 2118 2403 exigens;
2199 2302 2405 2378 mitto
2472 2305 2666 2402 quod
2730 2305 2989 2381 codicis
3046 2304 3531 2404 Napoleontici
3586 2314 3941 2380 auctorum
3982 2305 4385 2405 opinionem

1333 2450 1422 2499 ne
1463 2433 1648 2498 recte
1699 2424 1982 2522 quidem
2043 2421 2498 2497 intellexerit:
2558 2423 3079 2500 incommodum
3130 2449 3295 2500 vero
3344 2425 3538 2524 quod
3584 2425 3747 2500 inde
3804 2424 4145 2500 oriturum
4188 2449 4383 2524 prae-

1335 2545 1626 2632 dicavit,
1669 2543 1870 2642 quasi
1903 2566 2070 2643 prae
2111 2541 2436 2618 codicum
2480 2567 2815 2620 novorum
2858 2545 3091 2620 studio
3124 2545 3443 2620 futurum
3488 2553 3673 2620 esset
3716 2555 3799 2620 ut
3846 2544 3961 2620 ius
4008 2545 4187 2620 illud
4226 2545 4387 2620 sub·

1333 2665 1688 2740 sidiarium
1737 2663 2208 2764 negligeretur
2225 2721 2248 2752 ‚
2295 2663 2487 2761 quod
2540 2671 2775 2738 tamen
2816 2665 3051 2764 ipsum
3095 2665 3507 2764 praecipuus
3554 2665 3725 2740 iuris
3768 2665 3925 2740 fons
3976 2665 4219 2740 haberi
4268 2665 4383 2740 de-

1329 2785 1564 2888 beret,
1627 2793 1914 2859 eventus
1973 2791 2156 2859 certe
2220 2808 2360 2858 non
2425 2783 2763 2884 probavit.
2880 2785 3065 2860 Mihi
3124 2795 3361 2860 autem
3424 2786 3499 2860 in
3552 2809 3637 2860 eo
3696 2786 3853 2885 ipso
3892 2784 4153 2860 codicis
4196 2809 4387 2885 prae-

1335 2904 1659 2980 stantiam
1709 2902 2252 2980 animadvertere
2311 2903 2550 2979 videor
2598 2904 2791 3004 quod
2834 2905 3099 2980 nullam
3146 2905 3361 2980 habet
3402 2907 3733 2982 disertam
3776 2907 3951 2982 iuris
3996 2905 4391 2984 subsidiarii

1329 3025 1754 3100 mentionem
1827 3023 1964 3099 nisi
2031 3030 2112 3098 ut
2159 3023 2350 3098 illius
2409 3025 2781 3100 necessitas
2830 3025 3257 3103 ostendatur.
3354 3027 3813 3162 Praeceptum
3874 3028 4029 3103 volo
4094 3051 4237 3126 quo
4278 3027 4385 3102 iu-

1159 3125 1174 3134 ·
1331 3144 1594 3235 dicem,
1665 3143 1800 3219 sub
1875 3151 2242 3245 praetextu
2319 3143 2496 3244 legis
2568 3144 2861 3222 tacentis
2926 3146 3039 3220 vel
3102 3146 3437 3222 obscurae
3502 3147 3615 3222 ius
3668 3147 3899 3224 dicere
3950 3155 4383 3224 recusantem

1329 3267 1520 3342 litem
1581 3289 1780 3340 suam
1849 3265 2072 3340 facere
2157 3271 2501 3342 statutum
2574 3273 2701 3340 est.
2824 3265 2939 3342 Sic
3006 3265 3243 3342 omnia
3324 3291 3505 3400 quae
3568 3267 3791 3343 codici
3874 3269 4132 3344 desunt
4194 3269 4385 3344 inve·

1331 3387 1480 3459 nire
1539 3393 1612 3458 et
1671 3384 1992 3484 supplere
2045 3383 2330 3458 debebit
2397 3385 2749 3473 doctrina,
2826 3386 3027 3462 cuius
3101 3385 3447 3487 imprimis
3512 3387 3847 3463 auxilium
3914 3397 4081 3463 ante
4146 3388 4377 3462 oculos

1333 3505 1546 3580 etiam
1603 3501 1932 3576 habuisse
1993 3501 2318 3577 videntur
2383 3503 2641 3577 codicis
2690 3505 3005 3580 Francici
3052 3515 3389 3582 auctores.
3488 3509 3733 3582 Nonne
3800 3506 4021 3606 igitur
4088 3507 4219 3582 hac
4264 3531 4375 3582 ra-

1332 3627 1518 3700 tione
1555 3623 1710 3723 ipsa
1751 3623 1862 3698 lex
1905 3622 2358 3696 neoessariam
2423 3622 2773 3700 doctrinae
2834 3625 3099 3700 indicat
3158 3628 3637 3702 auctoritatem
3696 3651 3989 3726 eamque
4042 3627 4322 3701 libere
4300 3651 4377 3700 ιιι

1329 3749 1462 3822 hoc
1506 3740 1882 3844 legislatori
1937 3741 2178 3841 ignoto
2221 3767 2466 3842 campo
2516 3744 2765 3820 versari
2816 3745 3036 3820 sinit?
3134 3749 3317 3822 Sane
3372 3773 3484 3822 res
3544 3747 3833 3822 maximi
3890 3745 4235 3822 momenti
4276 3753 4383 3819 est

1329 3873 1402 3942 et
1457 3864 1842 3942 luculenter
1905 3861 2165 3938 refutat
2231 3863 2627 3962 opinionem
2672 3889 2913 3942 eorum
2972 3868 3099 3966 qui
3142 3867 3488 3967 hodieque
3530 3892 3739 3942 omne
3786 3867 3897 3942 ius
3934 3866 4173 3942 codice
4220 3889 4379 3942 con-

1329 3984 1538 4062 tineri
1575 3990 1924 4070 statuant,
1967 3983 2326 4058 nullumve
2380 3985 2493 4060 ius
2546 3995 2969 4086 agnoscant,
3020 3989 3159 4062 nisi
3204 3987 3439 4064 codice
3480 3989 3825 4064 sancitum
3878 3987 3993 4062 sit.

1427 4105 1586 4178 Imo
1633 4126 1794 4176 vero
1829 4100 2226 4178 laudandus
2283 4079 2559 4180 videtur
2616 4107 2969 4207 legislator
3014 4107 3321 4207 patrius,
3368 4107 3561 4206 quod
3604 4107 3865 4184 codicis
3904 4107 4221 4182 Francici
4258 4107 4381 4183 hac

1331 4228 1406 4302 in
1455 4247 1530 4298 re
1573 4229 1856 4298 secutus
1903 4222 1996 4296 sit
2039 4224 2479 4323 exemplum,
2527 4248 2757 4324 neque
2798 4228 3093 4302 aliarum
3138 4229 3377 4362 legum
3420 4227 3727 4303 civilium
3774 4235 4143 4328 praecepta
4198 4251 4378 4303 rece-

1327 4347 1470 4482 pit,
1521 4341 1754 4442 qualia
1799 4367 1864 4416 v.
1901 4367 1962 4418 c.
2023 4341 2100 4416 in
2149 4343 2532 4442 specimine
2578 4345 2834 4420 codicis
2878 4348 3087 4448 patrii
3134 4348 3303 4424 anni
3362 4349 3557 4423 1804
3605 4355 3679 4423 et
3734 4350 3963 4436 1820,
4018 4347 4131 4420 vel
4172 4345 4379 4422 etiam

1327 4469 1402 4544 in
1465 4464 1704 4542 codice
1772 4461 1992 4563 Regis
2053 4463 2424 4539 Lunov101
2490 4465 2969 4542 Nmuoms
3028 4467 3517 4556 inveniuntur,
3580 4467 3841 4566 quibus
3886 4465 4249 4566 speciatim
4290 4465 4377 4540 de

1327 4587 1500 4663 iuris
1573 4583 1886 4660 fontibus
1949 4593 2232 4660 cavetur
2297 4608 2387 4659 ex
2455 4583 2717 4684 quibus
2782 4585 2995 4662 iudex
3064 4587 3371 4662 codicem
3417 4587 3757 4688 suppleat.
3854 4588 4205 4686 Expressa
4260 4585 4375 4660 illa

1325 4713 1690 4806 praecepta
1759 4703 2018 4803 quibus
2079 4704 2190 4780 vel
2259 4711 2491 4780 totum
2558 4704 2843 4804 aliquod
2898 4705 3137 4806 legum
3192 4704 3777 4806 interpretationis
3846 4711 4153 4803 systema
4206 4701 4369 4777 addi

1333 4823 1637 4915 solebat,
1681 4825 2000 4922 quamvis
2047 4849 2092 4901 a
2135 4824 2553 4905 doctissimis
2596 4825 3113 4904 Iurisconsultis
3154 4826 3507 4926 proposita
3550 4835 3763 4926 atque
3806 4823 4095 4900 defensa
4108 4881 4129 4912 ,
4170 4820 4370 4896 redo-
