4934 6184
1356 693 1446 760 20
2446 690 3309 761 &VISSERING

1453 900 1766 1000 Simplex
1817 923 2096 1000 quoque
2147 905 2404 976 nautae
2455 899 2821 976 hominum
2873 923 3116 1000 genus.
3216 897 3357 974 Sed
3408 896 3612 996 longe
3660 897 3954 975 ferocius
3969 955 3989 988 ‚
4040 900 4184 977 sive
4227 901 4394 1001 quia

1358 1020 1581 1096 solent
1634 1045 1833 1096 saeva
1876 1020 2272 1095 discrimina
2319 1019 2665 1095 fluctuum
2710 1028 2980 1096 tentare
2998 1079 3021 1109 ‚
3072 1018 3213 1093 sive
3261 1017 3453 1116 quod
3504 1017 3793 1093 lautiore
3840 1027 4137 1094 utuntur
4182 1022 4391 1097 victu.

1359 1141 1616 1215 Truces
1659 1147 1823 1214 sunt
1869 1148 1942 1214 et
1986 1141 2250 1240 asperi3
2317 1140 2582 1216 strenui
2628 1139 2911 1238 quidem
2932 1198 2952 1227 ,
3006 1138 3130 1214 sed
3177 1138 3253 1212 in
3299 1137 3739 1236 perdurando
3784 1164 3997 1238 quam
4040 1140 4131 1215 ad
4173 1140 4394 1241 impe-

1357 1265 1516 1334 tum
1565 1260 1942 1335 validiores.
1993 1303 2093 1344 -,-
2143 1260 2348 1334 Certe
2391 1285 2669 1334 mecum
2724 1259 3053 1334 vovebitis
3069 1315 3090 1347 ,
3139 1260 3229 1334 A.
3261 1258 3351 1332 A.
3372 1315 3393 1346 ,
3442 1255 3587 1331 fore
3604 1315 3625 1346 ,
3674 1265 3759 1332 ut
3803 1259 4178 1359 aliquando
4222 1261 4398 1336 tales

1359 1378 1485 1451 viri
1529 1403 1614 1452 ex
1657 1379 2017 1454 iuventute
2061 1386 2298 1454 nostra
2335 1379 2665 1454 Leidensi
2710 1378 3069 1476 prodeant.

1451 1489 1696 1597 Longe
1744 1498 1833 1573 ab
1883 1498 1993 1573 his
2047 1500 2300 1574 diversi
2343 1504 2754 1573 mercatores
2796 1505 2867 1573 et
2909 1496 3371 1596 negotiatores
3409 1503 3480 1570 et
3525 1519 3733 1570 omne
3770 1519 3993 1594 genus
4032 1498 4359 1595 opificum
4374 1557 4394 1587 ,

1361 1617 1486 1715 qui
1555 1618 1794 1691 colunt
1839 1618 2046 1692 urbes
2068 1675 2087 1707 ,
2151 1643 2292 1716 quo
2339 1618 2651 1717 undique
2702 1618 3062 1692 convenire
3116 1618 3339 1691 solent
3376 1615 3697 1715 'hospites
3747 1617 4112 1716 populares
4160 1625 4230 1692 et
4278 1643 4395 1692 ex·

1360 1735 1625 1823 tranei,
1693 1759 1990 1833 quorum
2045 1743 2382 1834 perpetuo
2440 1736 2851 1810 commercio
2903 1733 3273 1810 astutiores
3322 1736 3646 1810 evadunt.
3745 1735 4078 1812 Industrii
4122 1745 4287 1812 sunt
4326 1743 4398 1812 et

1362 1853 1627 1931 dexteri
1689 1862 1760 1928 et
1818 1855 1892 1927 in
1941 1854 2218 1954 negotia
2267 1854 2630 1954 propensi}
2698 1853 2929 1928 callidi
2978 1854 3069 1928 ad
3114 1853 3389 1927 lucrum
3442 1852 3945 1952 capessendum
3994 1879 4083 1928 ex
4128 1855 4397 1931 inscitia

1359 1981 1432 2048 et
1481 1974 1785 2048 vanitate
1827 1999 2065 2050 eorum
2116 1975 2539 2073 quibuscum
2586 1975 2673 2049 iis
2718 1984 2825 2050 est
2874 1974 3236 2074 negotium
3252 2030 3271 2061 ,
3334 1980 3406 2046 et
3446 1971 3773 2046 acerrime
3827 1972 3941 2046 ius
3990 1999 4195 2050 suum
4243 1999 4396 2074 per-

1363 2101 1731 2193 sequentes
1782 2119 1945 2168 cum
1987 2094 2150 2168 data
2186 2095 2277 2168 sit
2321 2094 2633 2170 facultas,
2734 2094 2880 2168 Ubi
2919 2119 3081 2169 vero
3116 2119 3242 2193 par
3284 2093 3436 2192 pari
3476 2093 3773 2166 occurrit
3809 2101 3932 2190 aut
3968 2095 4081 2169 lex
4119 2094 4399 2192 utrique

1362 2239 1585 2312 aequa
1602 2272 1622 2302 ,
1685 2213 1998 2288 omnium
2067 2221 2232 2290 sunt
2291 2213 2796 2314 ingenuissimi.
2899 2214 3115 2293 Quod
3172 2237 3311 2287 non
3382 2211 3555 2287 ade‘o
3612 2211 3997 2311 profectum
4043 2213 4316 2288 videtur
4360 2239 4401 2287 e
4442 2199 4453 2213 ⁴

1363 2358 1573 2408 sensu
1641 2333 1816 2408 boni
1889 2334 2193 2433 rectique
2213 2392 2232 2423 ,
2309 2359 2522 2431 quam
2592 2360 2677 2408 ex
2748 2358 2885 2409 usu
2950 2341 3023 2407 et
3086 2332 3497 2407 necessitate
3556 2333 4123 2408 commerciorum
4140 2392 4161 2423 ,
4224 2359 4403 2433 quae

1363 2455 1619 2529 scilicet
1680 2454 1871 2530 haud
1929 2455 2164 2528 minus
2230 2480 2272 2529 a
2328 2453 2513 2529 bona
2564 2454 2703 2529 fide
2764 2453 3071 2555 pendent
3131 2478 3344 2552 quam
3399 2451 3583 2526 bella
3618 2476 3661 2526 a
3707 2451 4089 2552 disciplina.
4188 2452 4405 2552 Apud

1362 2573 1488 2648 hos
1543 2573 1860 2674 inprimis
1917 2598 2156 2649 cernas
2227 2575 2578 2674 stupenda
2640 2573 2777 2650 ista
2822 2598 3039 2674 opum
3081 2574 3550 2660 incrementa3
3601 2571 3859 2671 quippe
3916 2573 4039 2671 qui
4087 2573 4197 2648 his
4242 2573 4403 2646 solis

1358 2693 1684 2793 parandis
1751 2719 1875 2795 per
1951 2701 2170 2769 totam
2240 2693 2454 2768 vitam
2516 2695 2928 2770 incumbant
2942 2751 2963 2783 ,
3033 2718 3162 2768 nec
3228 2693 3615 2792 quidquam
3683 2691 4037 2790 antiquius
4100 2692 4405 2767 habeant

1363 2838 1576 2911 quam
1633 2839 1870 2889 vacare
1933 2840 1975 2888 a
2027 2814 2130 2887 rei
2182 2812 2503 2911 publicae
2564 2815 2780 2889 curis:
2843 2814 3021 2890 nihil
3066 2815 3253 2888 enim
3303 2812 3624 2911 flagitant
3668 2811 3805 2885 nisi
3850 2819 4003 2886 tuto
4050 2818 4122 2886 et
4170 2811 4404 2910 quiete

1303 2937 1312 2946 '
1358 2929 1560 3007 bonis
1623 2931 1768 3008 suis
1833 2931 2008 3020 frui,
2079 2939 2149 3007 et
2218 2932 2532 3008 fortunas
2604 2933 3106 3008 administrare.
3230 2934 3553 3010 Quorum
3613 2939 3853 3006 tamen
3920 2932 4276 3021 nonnulli,
4342 2932 4401 3006 si

1357 3050 1645 3126 tandem
1704 3051 1871 3124 satis
1923 3050 2325 3124 divitiarum
2365 3057 2645 3149 partum
2698 3058 2846 3139 est,
2911 3051 3093 3126 filios
3138 3051 3214 3124 in
3261 3051 3705 3149 patriciorum
3758 3074 4021 3125 morem
4063 3051 4404 3139 educant,

1359 3169 1538 3246 filias
1599 3170 1673 3244 in
1742 3169 2185 3271 optimatium
2247 3168 2545 3245 familias
2605 3170 2892 3245 elocant.
2994 3170 3153 3246 Hoc
3207 3171 3419 3246 modo
3467 3170 3708 3246 multis
3750 3194 3837 3244 ex
3884 3195 3967 3246 eo
4008 3171 4249 3246 ordine
4294 3173 4407 3246 via

1361 3291 1452 3364 ad
1502 3314 1808 3365 summos
1853 3291 1928 3364 in
1976 3290 2251 3365 civitate
2300 3289 2593 3364 honores
2641 3289 3009 3370 munitur..

1457 3408 1619 3483 Hae
1671 3417 1906 3485 autem
1969 3409 2212 3509 gentes
2230 3467 2253 3498 ‚
2321 3431 2501 3507 quae
2551 3407 2639 3482 de
2688 3407 3104 3507 patrimonio
3147 3409 3431 3498 vivunt,
3491 3409 3797 3485 multum
3849 3436 3892 3485 a
3939 3409 4223 3486 caeteris
4271 3409 4400 3484 dif-

1364 3529 1597 3603 ferunt
1642 3530 2048 3604 educatione
2097 3537 2169 3604 et
2215 3527 2555 3627 elegantia
2606 3527 2787 3602 vitae
2808 3585 2827 3616 ,
2879 3553 3309 3628 quamquam
3366 3527 3611 3608 eadem
3660 3529 3747 3602 iis
3796 3529 4019 3605 victus
4062 3530 4403 3606 modestia

1363 3656 1434 3722 et
1495 3649 1936 3749 parcimonia.
2036 3635 2174 3722 His
2241 3649 2441 3747 quasi
2504 3647 2860 3747 proprium
2926 3673 3332 3724 concessum
3389 3656 3496 3722 est
3548 3648 4081 3747 Rempublicam
4126 3673 4399 3749 gerere;

1365 3792 1543 3866 quae
1609 3793 1900 3844 munera
1956 3769 2220 3843 obeunt
2273 3793 2413 3844 non
2474 3767 2575 3843 ita
2626 3767 2939 3842 lucrandi
2994 3769 3219 3868 gratia
3272 3792 3483 3866 quam
3526 3767 3824 3844 honoris.
3924 3769 4034 3844 Re
4081 3768 4403 3845 familiari

1362 3890 1670 3964 contenti
1725 3889 2045 3964 ambiunt
2108 3895 2386 3963 tantum
2452 3889 2709 3964 civium
2787 3889 3391 3965 existimationem.
3490 3887 3704 3962 Filios
3764 3887 4136 3964 liberaliter
4200 3886 4398 3962 insti-

1361 4015 1576 4083 tuunt
1591 4066 1614 4098 ,
1642 4007 1967 4108 ,primum
2013 4008 2089 4082 in
2133 4008 2396 4084 scholas
2436 4009 2725 4098 missos,
2774 4033 2940 4084 mox
2982 4010 3057 4083 in
3099 4007 3601 4084 Universitates
3638 4032 3817 4106 quae
3862 4015 4026 4082 sunt
4064 4007 4397 4107 Lugduni

1361 4135 1433 4202 et
1480 4128 1840 4202 Ultraiecti
1856 4185 1876 4218 ‚
1925 4128 2052 4202 ubi
2106 4115 2513 4204 humaniora
2564 4129 2941 4205 doceantur
2990 4130 3113 4204 sed
3174 4127 3485 4228 apprime
3528 4126 4164 4224 Iurisprude‘ntiam.
4230 4129 4397 4202 Post
4528 4176 4543 4191 -

1362 4245 1830 4322 adolescentes
1863 4245 2376 4345 peregrinatum
2419 4254 2625 4336 eunt,
2677 4246 3265 4346 quemadmodum
3306 4247 3497 4344 apud
3536 4271 3663 4322 nos
3700 4245 4119 4322 nobiliorum
4154 4246 4393 4322 iuven·

1358 4375 1478 4440 tus
1549 4360 1758 4454 solet,
1825 4365 1949 4439 sed
2013 4366 2129 4440 vix
2185 4368 2368 4456 ultra
2408 4367 2743 4467 Angliam
2762 4424 2784 4457 ,
2834 4367 3218 4443 Galliamve
3265 4366 3825 4466 progrediuntur.
3923 4365 4394 4440 Instituuntur

1358 4485 1489 4560 hae
1543 4484 1810 4559 ratione
1827 4542 1850 4573 ‚
1921 4479 2063 4583 quo
2129 4485 2352 4584 magis
2417 4486 2651 4560 idonei
2719 4485 2892 4559 fiant
2948 4485 3211 4560 civitati
3277 4487 3652 4586 reguudae.
3753 4489 3856 4562 At
3911 4510 4052 4560 non
4110 4507 4264 4558 raro
4316 4483 4393 4558 in

1361 4605 1655 4704 patriam
1701 4611 2142 4680 revertuntur
2184 4603 2286 4681 nil
2331 4605 2468 4679 nisi
2514 4605 2911 4704 peregrinos
2959 4630 3184 4682 mores
3230 4606 3411 4680 male
3462 4605 3784 4681 simulare
3832 4605 4077 4680 edocti.

1459 4725 1896 4798 Postremum
1956 4725 2203 4799 vitium
2265 4726 2655 4824 imputatur
2722 4749 3001 4826 quoque
3065 4726 3417 4802 nobilibus
3436 4785 3457 4816 ,
3528 4751 3703 4825 quos
3758 4725 4139 4800 admodum
4188 4721 4389 4798 dissi-

1361 4841 1560 4918 miles
1615 4851 1882 4919 caetero
1942 4843 2200 4942 populo
2259 4867 2408 4918 esse
2467 4850 2538 4919 et
2600 4843 2899 4920 nimium
2946 4868 3170 4942 genus
3222 4869 3428 4921 suum
3467 4846 3719 4922 iactare
3762 4843 4081 4944 perhibet
4134 4849 4387 4920 noster.
