4934 6184
948 1571 1417 1634 ACADEMIAE
1438 1566 2278 1634 RHENo-TRAIEOTINAE
2310 1570 2802 1633 CURATORESJ
2821 1570 2996 1631 VIBI
3018 1568 3506 1631 AMPLISSIMJ!

944 1720 1096 1783 our
1144 1719 1629 1781 Pnovmcun
1685 1720 2222 1781 memma
2274 1674 2606 1791 ramus,
2659 1694 3338 1778 U'r'rnocum'ron
3376 1714 3508 1775 nn-

1031 1822 1246 1882 orum
1283 1822 1429 1882 vm
1465 1821 1973 1885 AMrmssmm

952 1968 1097 2029 QUI
1136 1968 1631 2031 CUBATOBUM
1672 1970 2069 2031 COLLEGIO
2115 1970 2218 2030 AB
2260 1970 2488 2031 ACTIS
2527 1970 2651 2041 ΕΒ,
2695 1970 2836 2029 VIR
2854 1966 3510 2031 CONSULTISSIMEI

951 2114 1095 2175 QUI
1133 2115 1225 2175 IN
1264 2115 1463 2189 HAG,
1518 2116 1674 2177 VEL
1712 2116 2177 2188 PROVINCIA,
2220 2115 2376 2175 VEL
2416 2116 2660 2189 URBE,
2702 2117 2864 2178 AUT
2901 2117 3078 2177 IUBI
3117 2116 3510 2191 DICUNDO,

1030 2216 1225 2277 AU'I?xx
1250 2216 1671 2279 COMMODIS
1730 2218 1951 2279 CIVIU
1953 2219 2018 2279 M
2072 2218 2629 2281 PBOCUBANDIS
2681 2220 3134 2281 PRAEESTISI
3187 2220 3358 2279 VIBI
3401 2220 3494 2281 IN
3495 2252 3517 2265 -

1030 2320 1510 2393 TEGEBBIMI,
1552 2322 2042 2383 GRAVISSIMII

946 2468 1422 2567 QUARIJMVIS
1498 2470 2055 2531 DISCIPLINABU
2062 2469 2127 2529 M
2202 2469 2772 2543 PBOFESSOBES,
2847 2468 3268 2530 COLLEGAE
3333 2468 3519 2531 CON-

1032 2568 1561 2631 IUNC'I'ISSIMII

957 2716 1387 2790 LECTOBES,
1430 2716 1881 2789 DOCTOBES,
1923 2717 2167 2778 VERBI
2210 2717 2476 2778 DIVINI
2521 2716 3086 2777 INTEBPBETESI
3131 2717 3299 2777 VIBI
3339 2717 3524 2777 ΕΒΗ-

1036 2818 1919 2892 D1T1881M1,PLURIMUM
1949 2819 2449 2880 VENEBANDU

958 2962 1428 3025 ACADEMIAE
1447 2964 1703 3027 cIVEs!
1721 2960 2069 3027 IUVENES
2088 2964 2564 3037 fflc'mssIm,
2585 2962 3197 3024 COMMILI'I'ONES
3218 2961 3523 3024 OPTIMI!

952 3108 1401 3173 QUOTQUOT
1454 3112 1815 3173 DENIQUE
1864 3112 2031 3173 HUO
2088 3111 2757 3185 CUNFLUXEBI'I'IS,
2811 3110 3018 3171 DIEM
3057 3109 3522 3175 AOADEMIAE

1038 3212 1097 3271 N
1102 3212 1428 3274 ATALEM
1489 3213 1906 3303 NOBISQUM
1972 3214 2558 3276 CELEBBATUBH
2619 3212 3068 3275 AUDITOBES
3131 3213 3528 3275 ROMANIS·

1036 3312 1247 3386 sml,
1289 3314 1933 3377 EXOPTATISSIMH

724 3748 943 3851 Trita
1006 3783 1112 3851 est
1182 3785 1253 3851 et
1310 3774 1618 3853 obsoleta
1675 3776 1815 3853 fere
1836 3836 1855 3866 ,
1924 3802 2102 3878 quae
2161 3777 2249 3852 de
2314 3776 2552 3877 legum
2608 3774 2962 3873 codicibus
3011 3774 3522 3849 conscribendis

487 3894 749 3991 agitata
810 3896 977 3984 fuit,
1029 3896 1377 3995 quaesti0,
1424 3921 1653 3996 neque
1706 3896 1769 3971 is
1815 3921 1945 3995 ego
1992 3920 2185 3985 sum,
2236 3896 2430 3971 AA.!
2499 3896 2623 3995 qui
2663 3894 2872 3970 huius
2927 3895 3066 3969 diei
3115 3893 3364 3969 abutar
3413 3918 3520 3969 so-

487 4012 840 4089 lemnitate
860 4074 885 4102 ‚‚
948 4023 1029 4089 ut
1088 4016 1163 4089 in
1214 4016 1343 4091 hac
1410 4016 1961 4123 doctissimorum
2020 4016 2384 4093 hominum
2448 4017 2836 4115 frequentia
2886 4015 3233 4091 subtiliter
3288 4016 3518 4116 inqui-

488 4156 633 4205 ram
656 4190 677 4220 ‚
720 4156 891 4207 num
932 4134 1141 4209 rebus
1162 4134 1331 4234 ipsis
1368 4134 1705 4237 factisque
1731 4160 1805 4210 se
1826 4136 2216 4239 probaverit
2240 4138 2621 4225 Savmnn,
2671 4135 2798 4211 viri
2821 4136 3115 4225 summi,
3141 4138 3520 4226 sententia,

484 4253 821 4350 imparem
873 4253 1086 4328 fuisse
1142 4255 1598 4331 existimantis
1630 4256 2271 4333 iurisconsultorum
2309 4250 2919 4356 legislatorumque
2957 4256 3098 4331 sive
3137 4256 3520 4331 doctrinam

488 4372 630 4445 sive
669 4371 1071 4469 ingenium,
1121 4382 1203 4447 ut
1244 4382 1476 4452 tantae
1521 4376 1722 4452 molis
1752 4371 1929 4477 opus
1963 4376 2409 4477 probabiliter
2453 4376 2829 4475 perficeret.
2898 4374 3225 4451 Codicem
3270 4398 3518 4464 suum,

488 4515 629 4588 quo
690 4490 907 4565 totius
968 4492 1288 4593 Europae
1345 4505 1589 4594 gentes
1641 4497 1897 4573 arctius
1946 4522 2109 4573 cum
2158 4498 2303 4573 suis
2353 4496 2648 4571 Franco·
2653 4494 2870 4569 Gallis
2931 4494 3247 4593 iungeret
3309 4502 3520 4593 atque

487 4612 561 4683 in
625 4635 824 4686 suam
869 4612 1043 4689 adeo
1086 4612 1419 4691 ditionem
1462 4616 1847 4716 redigeret,
1910 4616 2450 4717 promulgaverit
2492 4615 2939 4689 Naromonl
3010 4612 3287 4713 Legum
3332 4612 3518 4689 codi-

488 4728 687 4803 cibus
747 4724 1129 4806 scribendis
1172 4730 1726 4835 adoptandisque
1771 4736 2274 4835 optatissimam
2322 4734 2876 4810 coniunctionem
2922 4738 3134 4832 atque
3183 4733 3522 4809 unitatem

486 4848 817 4947 consequi
894 4852 1311 4928 tentaverint
1384 4856 1751 4931 Germani!
1856 4856 1953 4929 Et
2020 4854 2205 4930 Galli
2274 4862 2345 4930 et
2414 4853 2747 4931 Germani
2811 4878 2934 4953 spe
3003 4876 3132 4929 sua
3201 4852 3520 4929 destituti
