4934 6184
1316 681 1443 756 106
2494 689 2547 758 1.
2620 687 3177 756 unnALL

1313 896 1750 974 efficiendum
1769 881 1814 983 ,⁹
1839 900 1920 968 ιιι
1963 893 2262 996 collegae
2279 954 2299 985 ,
2350 920 2529 997 quos
2570 897 2921 974 nominavi
2936 955 2955 986 ‚
3006 903 3165 997 post
3210 893 3413 971 ferias
3453 893 3601 969 suis
3636 891 4069 994 propriisque
4102 892 4351 970 scholis

1315 1041 1554 1092 vacare
1595 1014 1866 1117 possint
1909 1015 2056 1091 toti.
2119 1016 2326 1092 Faxit
2355 1017 2575 1118 igitur
2618 1017 2850 1107 Deus,
2884 1015 3039 1092 Viri
3078 1013 3550 1116 Amplissimil
3617 1020 3699 1089 ut
3740 1035 3956 1112 quae,
4004 1012 4135 1088 hac
4176 1037 4347 1112 quo-

1221 1193 1230 1200 .
1311 1161 1452 1235 que
1510 1135 1584 1210 in
1641 1143 1838 1235 parte
1852 1193 1872 1223 ,
1941 1134 2016 1210 in
2083 1135 2505 1216 Academiae
2582 1139 3133 1214 emolumentum
3184 1135 3451 1214 efficere
3497 1132 3884 1223 conamini,
3948 1131 4235 1210 feliciter
4274 1142 4347 1209 et

1312 1283 1400 1333 ex
1448 1265 1608 1334 voto
1654 1256 1850 1333 vobis
1899 1257 2182 1334 cedant!

1407 1620 1518 1692 De
1561 1619 1724 1693 fatis
1764 1619 2184 1695 Academiae
2236 1619 2475 1696 dicens
2488 1678 2510 1708 ,
2559 1627 2869 1695 versatus
2912 1619 3249 1694 hactenus
3290 1617 3493 1694 unice
3538 1641 3696 1693 sum
3730 1617 3806 1692 in
3852 1617 4346 1718 discipulorum

1311 1746 1972 1838 praeceptorumque
2013 1740 2343 1839 personis.
2443 1738 2586 1814 His
2624 1739 2883 1816 scilicet
2896 1797 2916 1830 ,
2966 1744 3051 1814 ut
3086 1737 3261 1813 mihi
3298 1737 3583 1838 quidem
3612 1737 3885 1812 videtur
3902 1797 3923 1826 ,
3969 1737 4347 1814 Academia

1309 1882 1546 1934 revera
1613 1859 2032 1935 continetur.
2135 1860 2276 1937 Sed
2349 1883 2529 1962 opus
2592 1859 2733 1936 illis
2794 1867 2902 1936 est
2963 1857 3397 1935 Bibliotheca
3412 1916 3434 1947 ,
3514 1857 3744 1935 Horto
3762 1917 3783 1947 ‚
3845 1857 4307 1933 Laboratoriis
4326 1916 4346 1946 ‚

1309 1979 1582 2054 Museis
1598 2038 1618 2069 ,
1699 1979 2186 2056 Observatorio
2206 2040 2226 2070 ,
2316 1981 2733 2057 Nosocomio
2752 2039 2772 2070 ,
2843 1979 3231 2056 Auditoriis
3306 1985 3379 2054 et
3460 1978 3815 2056 Senaculis
3832 2037 3853 2068 ,
3937 1979 4025 2053 de
4095 1978 4349 2078 quibus

1309 2122 1590 2196 prorsus
1639 2098 1912 2174 siluisse
1959 2099 2156 2176 nefas
2201 2101 2398 2176 foret.

1410 2220 1840 2294 Bibliotheca
1884 2227 2122 2296 nostra
2169 2229 2240 2294 et
2283 2220 2561 2322 copiosa
2604 2227 2711 2296 est
2751 2228 2823 2295 et
2869 2219 3047 2296 bene
3096 2219 3468 2319 disposita,
3528 2219 3773 2294 crescit
3814 2219 3889 2294 in
3946 2217 4094 2292 dies
4140 2217 4343 2292 libro-

1310 2361 1468 2412 rum
1529 2338 1910 2414 multitudo
1969 2339 2223 2450 partim
2274 2342 2487 2418 etiam
2530 2365 2619 2416 ex
2658 2341 2901 2429 donis,
2950 2347 3107 2417 tum
3155 2339 3487 2428 aliorum,
3552 2347 3708 2413 tum
3752 2339 3825 2412 in
3867 2338 4111 2437 primis
4152 2339 4345 2413 nobi-

1309 2455 1730 2533 lissimarum
1797 2458 2097 2534 filiarum
2167 2460 2461 2537 Batonis
2534 2486 2582 2535 A
2638 2459 2982 2549 mem,
3046 2461 3247 2536 cuius
3304 2457 3717 2559 amplissimi
3781 2457 4165 2612 optimique
4226 2459 4351 2532 viri

1311 2581 1715 2656 memoriam
1760 2587 1960 2679 grata
2002 2581 2258 2682 piaque
2303 2588 2541 2658 mente
2588 2605 2865 2682 semper
2908 2581 3253 2657 colemus!

1410 2699 1680 2776 Hortus
1717 2702 2064 2777 cocanicus
2110 2703 2288 2778 laete
2334 2703 2555 2779 floret.
2656 2701 3091 2778 Privatorum
3134 2699 3339 2777 donis
3378 2699 4145 2802 permutationibusque
4190 2723 4351 2774 cum
4426 2687 4437 2698 ’

1309 2820 1564 2895 exteris
1583 2880 1606 2911 ‚
1671 2820 1976 2897 maxime
2047 2845 2208 2898 vero
2249 2847 2413 2899 cum
2457 2822 2665 2900 India
2718 2822 3061 2898 Orientali
3081 2878 3104 2913 ,
3167 2821 3651 2922 locupletatur.
3748 2819 3888 2896 Sed
3944 2821 4223 2920 plantae
4270 2825 4353 2894 ut

1309 2947 1628 3016 crescunt
1683 2940 1784 3016 ita
1846 2941 2241 3033 intereunt3
2307 2967 2523 3043 quare
2586 2942 2940 3020 assiduam
3000 2941 3295 3044 exigunt
3358 2941 3909 3042 diligentemque
3971 2940 4311 3016 culturam
4332 2999 4353 3029 ‚

1313 3081 1526 3158 quam
1573 3058 1652 3136 in
1687 3059 2068 3138 Academia
2112 3070 2350 3139 nostra
2393 3049 2748 3163 egregiam
2796 3061 3181 3138 inveniunt.

1410 3181 1686 3256 Musei&
1739 3180 2008 3256 utimur
2065 3183 2386 3283 pluribus
2403 3240 2426 3273 ‚
2490 3183 2569 3256 in
2638 3181 2789 3258 dies
2854 3181 3077 3259 auctis
3122 3181 3353 3282 iisque
3404 3181 4013 3281 praestantissimis
4032 3241 4053 3271 ,
4116 3191 4353 3257 anato-

1314 3299 1484 3371 mico
1505 3353 1526 3386 ‚
1572 3299 1858 3397 physico
1875 3357 1896 3390 ‚
1957 3300 2146 3379 aliis.·
2245 3303 2767 3378 laboratorium
2812 3305 3167 3380 chemicum
3214 3309 3473 3378 norunt
3516 3303 3727 3378 etism
3773 3301 3863 3392 ii,
3930 3302 4054 3402 qui
4094 3303 4355 3402 reliqua

1315 3413 1734 3492 Academiae
1781 3419 2202 3497 adminicula
2245 3422 2590 3522 ignorant.

1431 3537 1975 3614 Obsewatorium
2029 3545 2538 3618 astronomicum
2601 3542 2741 3618 iam
2812 3541 3074 3643 aliquot
3136 3543 3391 3618 abhinc
3458 3542 3817 3620 mensibus
3888 3541 4355 3618 studiomum

1317 3653 1606 3731 utilitati
1647 3655 1974 3734 inservire
2027 3662 2254 3762 coepit
2270 3720 2292 3751 ,
2355 3669 2426 3737 et
2446 3721 2466 3751 ‚
2527 3685 2956 3762 quamquam
3005 3662 3317 3738 nondum
3370 3663 3607 3740 omnia
3652 3663 4117 3738 instrumenta
4156 3663 4233 3738 in
4272 3687 4356 3737 eo

1315 3775 1448 3850 rite
1509 3775 1847 3878 disposita
1903 3777 2083 3872 sint,
2145 3789 2380 3858 tamen
2439 3783 2701 3883 optime
2746 3784 2889 3858 iam
2938 3782 3312 3884 respondet
3364 3783 3451 3860 iis
3466 3841 3489 3874 ‚
3550 3807 3729 3884 quae
3772 3785 4153 3883 exspectari
4198 3807 4357 3883 pos·

1313 3903 1484 3971 suut
1551 3896 1642 3972 sb
1700 3898 1961 4001 insigni
2023 3902 2152 3978 hoc
2215 3902 2603 3979 studiorum
2673 3905 3286 3980 astronomicarum
3340 3903 3761 3980 adminiculo
3778 3961 3800 3993 ,
3868 3903 4061 4002 quod
4110 3927 4358 4004 parum

1317 4014 1555 4105 abest,
1605 4019 1774 4117 quin
1823 4020 2026 4096 nobis
2085 4023 2176 4097 ab
2227 4023 2381 4099 aliis
2432 4025 2843 4102 invideatur.

1415 4135 1526 4208 De
1592 4137 1982 4215 Nococoom‘o
2046 4141 2178 4217 hoc
2233 4165 2456 4219 unum
2510 4167 2762 4220 moneo
2779 4201 2800 4235 ,
2850 4145 2942 4221 de
2984 4152 3211 4221 vetere
3257 4145 3626 4222 reficiendo
3672 4145 3783 4219 vel
3830 4145 3917 4220 de
3962 4165 4143 4220 novo
4192 4169 4355 4220 con-

1320 4251 1552 4329 dendo
1609 4257 1868 4333 serium
1928 4257 2002 4334 in
2067 4261 2358 4337 modum
2419 4287 2561 4370 non
2622 4271 2901 4341 tantum
2956 4265 3329 4342 Curatores
3366 4273 3637 4341 nostros
3690 4263 3813 4340 sed
3864 4264 4076 4340 etiam
4125 4265 4355 4366 Magi-

1319 4379 1578 4448 stratus
1623 4375 2048 4454 Traiectinos
2093 4404 2242 4455 csse
2291 4381 2637 4459 sollicitos.

1415 4492 1556 4569 Sed
1599 4496 1774 4594 quid
1817 4499 2092 4574 multa?
2161 4500 2569 4576 Studiorum
2616 4502 3037 4580 adminicula
3080 4505 3155 4579 in
3220 4505 3596 4582 Academia
3644 4513 3883 4582 nostra
3926 4507 4034 4582 vel
4078 4504 4357 4606 egregia

1317 4623 1484 4690 sunt
1532 4617 1642 4691 vel
1683 4616 1890 4718 longe
1933 4619 2216 4697 meliora
2258 4643 2473 4722 quam
2512 4645 2663 4698 esse
2704 4621 3208 4701 existimantur.
3279 4626 3495 4704 Quod
3530 4649 3669 4701 non
3712 4627 3954 4702 vident
3988 4625 4091 4701 illi
4129 4647 4357 4724 neque

1315 4735 1716 4836 intelligunt
1733 4797 1753 4827 ,
1807 4739 1931 4838 qui
1988 4741 2346 4817 florentem
2399 4743 2851 4820 Academiam
2898 4769 3038 4820 non
3086 4745 3433 4847 cogitant,
3480 4746 3619 4821 nisi
3674 4768 3855 4846 quae
3900 4749 4083 4823 aulis
4121 4753 4361 4821 utatur

1319 4863 1392 4928 et
1437 4859 1800 4934 auditoriis
1857 4867 1929 4934 et
1980 4865 2188 4938 atriis
2237 4861 2345 4938 sui
2405 4861 2658 4964 dignis.
2759 4863 3124 4944 Desiderat
3182 4873 3419 4943 autem
3478 4865 3860 4943 Academia
3916 4873 4155 4944 nostra
4212 4867 4357 4942 fere
