4934 6184
1800 702 2357 772 enarra
2682 680 2702 691 “
3471 702 3600 772 1ae

564 936 783 1013 gana;
856 911 980 989 sed
1001 969 1022 1000 ,
1088 934 1179 988 ne
1240 910 1317 984 in
1378 906 1764 984 refutandis
1804 908 2083 1009 ineptiis
2134 931 2291 985 eam
2338 906 2612 984 silentio
2654 908 3197 1009 praetermittam
3245 909 3596 989 doctrinae

559 1042 827 1132 partem
847 1090 868 1120 ,
917 1054 1099 1131 quae
1137 1028 1315 1106 mihi
1354 1025 1429 1105 in
1471 1027 1601 1105 hac
1642 1028 2022 1105 Academia
2064 1026 2400 1105 tradenda
2440 1028 2816 1105 mandatur
2831 1085 2854 1118 ‚
2900 1028 3204 1105 conferte
3225 1088 3246 1119 ,
3295 1054 3590 1130 quaese,

557 1176 882 1251 praesens
930 1160 1003 1227 et
1049 1149 1423 1250 pristinum
1462 1172 1575 1224 res
1617 1150 1971 1225 &manas
2012 1149 2414 1249 explorandi
2461 1148 2851 1225 eonsilium.
2949 1148 3018 1227 A
3059 1174 3200 1248 quo
3247 1156 3591 1252 tempore,

555 1271 960 1348 instauratis
1018 1270 1093 1345 in
1156 1268 1365 1344 Italia
1419 1268 1635 1344 literis
1696 1268 2003 1368 antiquis
2021 1326 2044 1359 ,
2109 1270 2482 1345 vehemens
2537 1268 2658 1345 illa
2701 1267 2970 1343 exstitit
3017 1270 3264 1345 veteris
3315 1271 3590 1371 elegan-

554 1392 693 1467 tiae
752 1390 1118 1467 admiratio
1135 1446 1158 1477 ,
1223 1413 1365 1464 non
1411 1387 1598 1489 fugit
1645 1387 2271 1489 praestantissimos
2320 1387 2502 1463 viros
2521 1444 2542 1476 ,
2590 1388 2684 1464 ad
2727 1388 2978 1463 horum
3023 1388 3434 1489 scriptorum
3485 1390 3594 1465 in·

554 1512 1011 1612 telligentiam
1071 1510 1251 1585 ritus
1310 1508 1533 1585 teneri
1593 1516 1907 1610 oportere
1968 1516 2043 1584 et
2096 1508 2420 1585 instituta
2479 1509 2806 1585 Romana
2819 1566 2840 1597 ,
2908 1532 3210 1607 quorum
3267 1508 3595 1609 frequens

554 1631 748 1732 apud
787 1631 942 1706 illos
989 1630 1251 1706 mentio
1294 1636 1544 1705 exstat.
1646 1627 1761 1705 Sic
1799 1628 2061 1704 formae
2098 1628 2538 1705 admirationi
2573 1626 2936 1727 paullatim
2987 1629 3274 1705 accessit
3321 1654 3554 1706 rerum
3571 1689 3592 1721 ,

558 1772 737 1847 quas
787 1748 1068 1837 dicunt,
1098 1746 1573 1849 investigatiO,
1622 1770 1841 1845 eaque
1880 1746 2032 1846 ipsa
2053 1804 2073 1835 ,
2116 1747 2446 1837 Smmm,
2477 1747 2866 1837 Pavum,
2896 1748 3240 1825 Manna-11
3267 1748 3589 1826 aliorum·

554 1892 693 1967 que
760 1866 1147 1943 eruditione
1214 1868 1359 1943 fota
1375 1925 1397 1957 ,
1470 1890 1557 1943 eo
1618 1866 1871 1942 deinde
1944 1866 2311 1968 spectavit,
2382 1875 2463 1943 ut
2479 1926 2500 1957 ,
2571 1891 3054 1968 quaecumque
3114 1870 3594 1946 Romanorum

552 1987 831 2088 publice
868 1996 941 2063 et
971 1987 1293 2087 privatim
1312 2045 1334 2076 ‚
1380 1987 1457 2063 in
1497 1987 1682 2064 bello
1724 1995 1797 2062 et
1842 1986 1917 2062 in
1950 2012 2119 2088 pace
2138 2044 2158 2078 ,
2207 1988 2484 2088 propria
2515 1988 2801 2063 fuerunt
2817 2046 2840 2077 ‚
2887 1989 3034 2063 suis
3071 2012 3392 2089 quaeque
3423 1989 3593 2065 locis

552 2108 885 2209 disposita
902 2166 924 2198 ,
1007 2115 1243 2183 mente
1316 2106 2083 2207 comprehenderentur.
2206 2106 2407 2185 Haec
2470 2108 2881 2208 profuerunt
2961 2109 3204 2184 multis
3270 2115 3430 2186 tum
3499 2112 3594 2186 ad

549 2228 961 2329 scriptorum
1040 2228 1505 2328 historiaeque
1572 2229 1933 2305 Romanae
1999 2227 2530 2329 explicationem
2602 2234 2758 2305 tum
2839 2228 2932 2305 ad
2996 2228 3592 2329 Iurisprudentiae

550 2349 886 2424 studium.
984 2348 1235 2448 Neque
1280 2356 1515 2423 tamen
1565 2348 1857 2455 posteris
1900 2344 2049 2424 visa
2096 2355 2263 2425 sunt
2316 2350 2651 2427 sufficere.
2753 2350 2940 2437 Nam
2987 2348 3361 2426 dubitandi
3385 2349 3589 2435 „salu-

551 2468 769 2545 britas
786 2527 808 2559 ,
859 2468 1157 2545 Criticae
1199 2469 1483 2545 audacis
1525 2476 1599 2544 et
1633 2491 1905 2545 severae
1943 2468 2175 2568 vigore
2214 2477 2409 2569 parta
2427 2528 2448 2560 ,
2481 2470 2865 2547 multorum
2887 2470 3370 2546 auctoritatem
3401 2468 3589 2546 labe-

547 2586 828 2665 faetavit
846 2646 867 2677 ,
939 2598 1013 2663 et
1072 2588 1161 2663 de
1222 2588 1499 2664 vinc'ulo
1560 2587 1905 2665 variarum
1968 2588 2275 2689 partium
2337 2590 2522 2664 inter
2583 2614 2658 2665 se
2721 2588 3038 2690 quaestio
3099 2596 3252 2665 orta
3307 2598 3416 2665 est
3471 2596 3588 2679 et,

548 2707 899 2806 quomodo
948 2708 1225 2807 singula
1266 2732 1355 2783 ex
1405 2708 1649 2808 populi
1692 2707 1927 2785 indole
1968 2709 2079 2783 vel
2120 2715 2514 2810 temporum
2565 2734 2935 2810 rerumque
2979 2707 3350 2785 momentis
3397 2708 3586 2783 efflo-

546 2826 851 2917 ruerint,
898 2828 973 2902 in
1014 2828 1585 2927 disceptationem
1628 2828 1839 2903 venit.
1942 2823 2273 2903 Vultisne
2316 2828 2683 2929 exempla?
2750 2827 3246 2927 Antiquissimi
3291 2828 3589 2928 Equites

546 2948 740 3023 haud
792 2947 1398 3023 confundebantur
1450 2972 1615 3025 cum
1674 2947 2053 3048 Equitibus
2127 2946 2522 3046 posterioris
2575 2948 2858 3037 aetatis3
2929 2954 3168 3025 contra
3219 2947 3589 3025 discrimen

546 3068 771 3144 notari
840 3068 1107 3145 solebat
1172 3067 1355 3144 inter
1406 3092 1523 3144 eos
1537 3126 1559 3157 ,
1614 3068 1739 3167 qui
1784 3068 1951 3144 olim
1998 3092 2179 3168 equo
2222 3076 2662 3160 meruerunt,
2720 3076 2794 3144 et
2835 3069 3128 3169 Equites
3174 3068 3591 3144 iudiciorum

546 3198 759 3288 atque
808 3188 1247 3268 Publicanos
1358 3188 1569 3266 Nunc
1604 3170 1849 3265 'autem
1885 3188 1959 3263 in
2000 3188 2153 3289 ipso
2189 3188 2586 3265 discrimine
2619 3213 2758 3265 non
2796 3188 3290 3290 acquiescitur-3
3341 3213 3586 3265 causas

545 3308 699 3384 eius
734 3332 778 3383 a
813 3308 1151 3410 principio
1192 3308 1533 3410 explicare
1564 3308 1827 3409 placuit
1866 3309 2287 3409 omninoque
2306 3368 2327 3398 ,
2376 3308 2661 3385 historia
2697 3309 2876 3387 duce
2893 3366 2914 3400 ,
2962 3308 3293 3409 indagare
3310 3367 3330 3398 ‚
3371 3328 3583 3410 quae-

544 3453 709 3505 nam
768 3434 924 3504 tum
985 3429 1253 3504 Romae
1298 3436 1457 3505 tum
1502 3427 1579 3504 in
1618 3428 2001 3505 Provinciis
2044 3427 2433 3505 diutissime
2489 3439 2687 3530 gesta
2731 3428 3070 3506 valuerint
3111 3429 3204 3504 ad
3249 3428 3582 3529 Equites,

544 3550 841 3625 Senatus
912 3548 1243 3626 adversus
1318 3549 1657 3650 populum
1721 3549 2025 3626 fautores
2040 3607 2064 3640 ,
2133 3574 2177 3625 a
2244 3550 2508 3627 Senatu
2565 3550 2822 3626 sensim
2873 3548 3364 3625 abalienandos
3417 3574 3580 3625 con-

544 3668 1016 3769 ciliandosque
1056 3669 1360 3747 consiliis
1398 3672 1942 3749 Gnsccnoauu.
2046 3669 2230 3745 Iuris
2271 3670 2518 3770 peritia
2561 3669 2933 3770 aliquando
2978 3693 3191 3768 penes
3235 3669 3414 3744 solos
3457 3692 3582 3770 pa·

544 3789 777 3865 tricies
815 3790 970 3865 fuit.
1073 3790 1257 3869 Quis
1297 3813 1417 3877 ecs
1454 3789 1527 3865 in
1573 3795 1729 3865 tuta
1767 3789 2277 3889 tranquillaque
2310 3790 2742 3889 possessione
2783 3813 2856 3864 se
2891 3788 3228 3863 iactantes
3264 3788 3580 3887 nihilque

542 3904 710 3985 mali
760 3908 1145 4010 suspicatos
1196 3910 1569 4011 derepente
1614 3910 1993 3985 conterruit
2036 3909 2325 3985 audacia
2366 3910 2496 3983 sua
2535 3907 2724 4008 plebi
2762 3907 3008 4008 grata?
3053 3909 3378 3983 FnAvrns
3425 3906 3544 3983 ille
3557 3965 3580 3995 ‚

542 4052 757 4125 quem
797 4028 1035 4129 legum
1080 4030 1383 4106 actiones
1428 4036 1501 4105 et
1540 4030 1755 4109 fastos
1800 4030 2161 4130 evulgasse
2209 4029 2490 4105 ferunt?
2556 4029 2720 4104 Non
2757 4026 3058 4127 amplius
3095 4028 3316 4104 Arm
3352 4028 3578 4104 scriba

546 4144 807 4244 primas
852 4147 927 4222 in
978 4146 1109 4223 hac
1151 4146 1553 4248 quaestione
1600 4148 1750 4249 agit
1794 4155 1905 4238 et,
1956 4156 2303 4248 quantum
2356 4146 2744 4223 detractum
2797 4146 2886 4224 de
2933 4148 3086 4223 eius
3125 4149 3532 4225 auctoritate
3551 4208 3574 4237 ‚

542 4271 821 4341 tantum
862 4266 1189 4343 collatum
1234 4278 1341 4344 est
1384 4268 1460 4344 in
1508 4277 1907 4371 temporum
1952 4268 2243 4369 plebeiis
2288 4269 2750 4345 secundorum
2796 4269 3364 4369 progressionem.
3436 4270 3592 4385 Pa-q

540 4384 709 4459 riter
772 4392 1167 4486 temporum
1234 4389 1686 4466 commutatio
1746 4395 1818 4464 et
1878 4388 2121 4463 efficax
2184 4388 2373 4489 apud
2439 4388 2799 4466 Romanos
2869 4386 3396 4464 consuetudinis
3468 4386 3574 4460 vis

540 4505 825 4581 meliora
889 4530 1017 4581 nos
1083 4507 1468 4583 docuerunt
1520 4509 1611 4583 de
1670 4508 1935 4608 origine
1986 4508 2472 4607 quaestionum
2525 4515 3014 4607 perpetuarum
3062 4530 3278 4604 quam
3324 4511 3576 4581 auctus

538 4624 911 4702 criminum
972 4650 1305 4703 numerus
1324 4686 1345 4717 ,
1411 4627 1485 4701 in
1544 4652 1685 4725 quo
1742 4651 1963 4725 quum
2019 4626 2245 4725 posita
2292 4626 2528 4699 omnia
2581 4650 2731 4699 esse
2778 4624 3215 4711 viderentur,
3275 4622 3572 4723 intelligi

540 4744 657 4820 vix
718 4752 989 4846 poterat
1043 4747 1222 4824 ratio
1271 4746 1669 4847 inquirendi
1720 4746 1797 4821 in
1854 4744 2145 4822 crimina
2164 4801 2186 4833 ,
2248 4768 2429 4844 quae
2479 4768 2644 4820 cum
2684 4743 2930 4843 populi
2975 4741 3250 4818 iudiciis
3268 4800 3290 4833 ,
3341 4741 3576 4819 ductis

540 4864 679 4940 illis
740 4891 781 4941 e
830 4866 1003 4944 ΧΠ.
1052 4866 1480 4945 Tabularum
1536 4864 1810 4968 legibus
1829 4922 1851 4956 ,
1908 4864 2192 4941 omnino
2230 4862 2614 4965 pugnabat.
2711 4862 2980 4941 Eadem
3021 4862 3577 4965 investigationis

2939 4983 3034 5059 16
3051 4982 3096 5028 ¹⁸
