4934 6184
1370 665 1458 728 42
1619 620 1624 628 ’
2520 647 3199 732 'LJ.PR1NS

1379 871 1760 946 liberentur
1789 865 2101 971 'Deoque
2161 870 2724 946 reconcilientur:
2794 873 2951 972 quis
3013 872 3296 948 tandem
3350 877 3457 946 est
3477 929 3498 960 ,
3564 871 3981 947 Auditoresl
4052 872 4175 972 qui
4230 873 4400 948 haec

1383 991 1619 1067 omnia
1638 1001 2000 1088 ceteraque
2045 989 2184 1065 huc
2229 991 2646 1090 pertinentia
2692 1016 2831 1066 non
2872 993 3175 1067 maxima
3209 997 3411 1090 putet
3446 997 3519 1064 et
3560 990 3652 1064 ad
3691 991 3955 1090 patriae
4000 991 4399 1066 hominum-

1375 1135 1512 1209 que
1557 1111 1968 1210 generisque
2017 1109 2188 1183 adeo
2232 1110 2522 1185 humani
2563 1111 2855 1185 salutem
2893 1109 3423 1209 promovendam
3468 1109 3979 1184 efficacissima?
4056 1110 4121 1183 Ο
4160 1117 4401 1208 terque

1335 1237 1754 1327 ·quaterque
1807 1230 2092 1302 beatum
2141 1229 2498 1302 mortalem
2523 1287 2542 1316 ,
2610 1230 2770 1328 qui,
2820 1231 3097 1327 auspice
3143 1230 3295 1305 Deo
3313 1288 3334 1318 ,
3381 1229 3473 1302 ad
3520 1229 3867 1328 exemplar
3912 1229 4399 1328 primogeniti,

1370 1372 1579 1445 quem
1643 1346 1844 1422 nobis
1907 1345 2144 1432 dedit,
2211 1345 2360 1420 eius
2423 1345 2620 1434 Filii,
2688 1346 2840 1420 aliis
2896 1346 3137 1422 salutis
3180 1359 3419 1422 auctor
3466 1355 3538 1422 et
3582 1371 3821 1421 suasor
3860 1373 3940 1422 ac
3989 1348 4208 1422 veluti
4255 1346 4401 1421 dux

1367 1467 1602 1541 existit
1659 1465 1751 1540 ad
1810 1465 2020 1538 vitam
2083 1472 2434 1539 aeternam
2506 1487 2798 1562 eamque
2854 1463 3359 1538 beatissimam!
3444 1451 3761 1538 Profecto
3780 1521 3801 1550 ,
3860 1464 4119 1538 summi
4162 1463 4399 1539 PAum

1364 1586 1685 1685 Apostoli
1741 1585 2030 1658 effatum
2091 1592 2197 1657 est
2257 1584 2396 1658 fide
2445 1582 2780 1681 dignum:
2880 1583 3012 1658 nSi
3056 1582 3945 1684 quis'episcopatum
3999 1583 4395 1682 appetit,

1376 1704 1522 1778 nad
1570 1705 1892 1778 bonum
1942 1727 2164 1801 opus
2213 1702 2696 1799 adspirat.''

1461 1826 1606 1899 Iam
1658 1848 1816 1896 vero
1861 1822 1955 1896 ad
2001 1823 2128 1896 hoc
2179 1822 2314 1896 tale
2361 1829 2781 1920 tantumque
2826 1847 3087 1896 munus
3136 1820 3313 1896 bene
3362 1820 3747 1919 gerendum
3794 1819 4110 1894 futurum
4158 1822 4393 1894 Sacro-

1365 1969 1522 2018 rum
1576 1943 1956 2036 antistitem
2008 1942 2250 2038 quovis
2285 1941 2555 2014 me‘liori
2597 1941 2804 2015 modo
2844 1941 3283 2016 formandum
3324 1950 3397 2014 et
3432 1938 3942 2014 instituendum
3986 1963 4135 2014 esse
4156 1998 4178 2029 ,
4220 1940 4397 2014 inter

1366 2087 1610 2138 omnes
1675 2062 1885 2136 huius
1951 2063 2050 2134 rei
2121 2061 2380 2158 peritos
2403 2118 2424 2148 ,
2494 2069 2728 2135 nostra
2786 2062 3070 2161 quidem
3134 2070 3399 2150 aetate,
3468 2059 3635 2133 satis
3694 2066 3987 2135 constat.
4086 2059 4395 2134 Fuerunt

1369 2205 1533 2256 sane
1597 2182 1779 2254 inter
1843 2180 2166 2277 antiquos
2223 2179 3049 2277 TeleiobaptistaS,
3112 2190 3184 2254 et
3229 2188 3393 2256 sunt
3441 2181 3730 2256 fortasse
3783 2181 4221 2267 etiamnunc,
4274 2182 4395 2278 qui

1364 2322 1940 2398 unumquemque
2001 2299 2352 2374 hominem
2424 2299 2899 2376 Christianum
2922 2358 2942 2389 ,
3003 2300 3387 2376 dummodo
3442 2300 3743 2398 aliquem
3790 2325 4023 2376 rerum
4068 2322 4275 2375 usum
4322 2311 4395 2373 et

1361 2443 1499 2493 non
1549 2417 1760 2492 nimis
1802 2417 2154 2516 vulgarem
2204 2415 2555 2492 doctrinae
2596 2417 3029 2494 Christianae
3078 2419 3541 2519 cognitionem
3590 2445 3752 2496 cum
3798 2420 4056 2519 pietate
4106 2419 4392 2494 coniun-

1363 2545 1600 2638 geret,
1647 2537 1741 2612 ad
1781 2535 2108 2610 obeunda
2159 2534 2468 2610 muneris
2504 2536 2697 2611 illius
2740 2537 2961 2614 officia
3008 2539 3175 2616 satis
3214 2540 3543 2615 idoneum
3594 2539 3949 2615 haberent.
4028 2539 4123 2612 Et
4168 2541 4239 2616 Q
4259 2563 4390 2614 ua-

1361 2658 1468 2732 ke
1483 2682 1578 2732 ro
1595 2683 1630 2730 s
1693 2663 1942 2732 notum
2003 2663 2110 2730 est
2174 2654 2365 2730 verbi
2430 2655 2647 2730 divini
2704 2657 3039 2733 ministris
3059 2717 3078 2748 ,
3148 2661 3418 2760 proprie
3460 2659 3559 2734 sic
3608 2659 3812 2734 dictis
3826 2717 3849 2748 ,
3898 2659 4207 2755 adeoque
4250 2659 4391 2733 veri

1359 2776 1660 2852 nominis
1707 2774 2074 2872 Theologis
2093 2832 2118 2864 ,
2167 2799 2294 2872 pro
2336 2775 2643 2852 instituti
2686 2777 2951 2854 ratione
2972 2837 2994 2866 ,
3044 2779 3241 2854 facile
3279 2805 3505 2856 carere
3522 2837 3543 2867 ,
3594 2780 3694 2854 ita
3735 2787 3817 2855 ut
3864 2779 4010 2853 sine
4049 2777 4157 2850 his
4190 2801 4389 2851 suam

1358 2896 1704 2971 Ecclesiae
1771 2893 2104 2968 familiam
2171 2894 2352 2967 tueri
2416 2906 2773 2972 conentur.
2872 2897 3014 2972 Sed
3076 2923 3166 2974 ne
3226 2900 3703 2978 Quakeros
3760 2897 4058 2997 amplius
4112 2920 4343 2971 curem
4366 2955 4387 2984 ,

1361 3016 1619 3115 quippe
1665 3037 1963 3112 quorum
2006 3011 2230 3108 magis
2275 3012 2624 3088 laudanda
2668 3014 2758 3087 sit
2796 3016 3012 3089 animi
3055 3017 3277 3114 pietas
3320 3040 3732 3115 morumque
3775 3015 4135 3114 integritas
4180 3039 4389 3112 quam

1359 3135 1706 3212 Ecclesiae
1781 3131 2131 3236 docendae
2199 3155 2280 3204 ac
2349 3133 2691 3231 regendae
2750 3134 3087 3232 sapientia
3103 3193 3124 3223 ,
3192 3135 3599 3210 recentiores
3670 3142 3853 3209 certe
3924 3135 3985 3208 Τ
4000 3159 4039 3207 e
4058 3134 4137 3207 le
4155 3134 4233 3206 io
4247 3133 4295 3206 b
4314 3159 4385 3207 a·

1361 3280 1410 3354 p
1428 3265 1459 3328 t
1475 3256 1500 3328 i
1519 3279 1553 3328 s
1570 3263 1657 3329 ta
1673 3277 1711 3326 e
1733 3312 1752 3341 ,
1805 3251 2092 3349 antiquo
2130 3274 2352 3324 errore
2391 3252 2643 3326 reiecto
2664 3311 2683 3340 ,
2734 3253 3144 3352 Theologiae
3190 3253 3624 3352 disciplinam
3668 3253 3757 3328 ad
3794 3252 3972 3328 bene
4006 3251 4385 3350 gerendum

1355 3399 1618 3452 munus
1670 3395 1942 3448 sacrum
1995 3369 2280 3444 omnino
2331 3372 2785 3447 necessariam
2826 3396 3017 3462 esse,
3066 3397 3206 3447 non
3240 3373 3467 3448 verbis
3503 3381 3779 3450 tantum
3818 3371 4383 3472 pronuntiarunt,

1355 3495 1487 3568 sed
1555 3500 1628 3566 et
1683 3514 1760 3566 re
1807 3489 2146 3587 factisque
2197 3489 2424 3587 palam
2478 3514 2559 3566 ac
2606 3491 2880 3592 publice
2930 3493 3328 3581 ostendunt.
3428 3493 3623 3574 Quid
3638 3495 3674 3567 P
3720 3493 3913 3591 quod
3946 3503 4022 3568 et
4067 3491 4379 3568 hodierni

1363 3613 1440 3688 in
1509 3611 1735 3712 patria
1800 3617 2076 3696 nostra,
2144 3608 2270 3706 qui
2331 3607 2697 3700 dicuntur,
2766 3611 3437 3712 Separatistae,
3510 3605 3887 3712 postquam
3941 3636 4065 3710 per
4120 3609 4383 3709 aliquot

1359 3755 1581 3808 annos
1623 3728 2034 3806 cerdonibus
2057 3787 2077 3816 ,
2127 3727 2479 3804 sutoribus
2524 3729 2815 3828 aliisque
2856 3731 3168 3808 eiusdem
3204 3738 3413 3806 notae
3451 3731 3852 3808 hominibus
3892 3730 4189 3806 indoctis
4231 3737 4379 3806 tan-

1359 3875 1571 3950 quam
1643 3847 2042 3926 doctoribus
2101 3849 2212 3923 usi
2267 3847 2555 3924 fuerunt
2571 3907 2596 3940 ,
2660 3850 2805 3926 iam
2871 3852 3165 3952 sapienti
3214 3851 3497 3928 consilio
3516 3910 3541 3943 ,
3612 3859 3693 3926 ut
3744 3851 4004 3926 scilieet
4048 3875 4162 3926 rea
4218 3873 4380 3926 suns

1359 3971 1610 4045 melius
1674 3975 1992 4044 curarent
2009 4027 2030 4056 ,
2097 3967 2400 4044 scholam
2467 3969 2927 4045 condiderunt
2984 3971 3538 4070 qualemcunque
3602 3971 4085 4070 Theologicam
4102 4028 4123 4058 ‚
4192 3969 4377 4046 unde

1355 4113 1614 4164 novum
1679 4087 1966 4186 prodeat
1984 4146 2005 4175 ,
2075 4087 2298 4186 magis
2363 4090 2633 4176 cultum
2702 4114 2782 4166 ac
2842 4090 3137 4190 politum
3159 4149 3181 4180 ,
3246 4091 3638 4166 antistitum
3705 4091 4070 4166 Sacrorum
4130 4113 4375 4190 genus.

1351 4211 1503 4284 Nec
1569 4207 1964 4282 mirandum
2029 4231 2214 4284 sane.
2339 4208 2679 4288 Quamvis
2738 4210 2925 4286 enim
2984 4210 3079 4284 ad
3152 4233 3411 4286 munus
3484 4234 3691 4286 suum
3748 4210 3968 4286 veluti
4020 4215 4230 4286 natus
4290 4209 4377 4284 sit

1353 4334 1664 4428 oporteat
1737 4328 2102 4402 Sacrorum
2160 4327 2450 4410 antistes
2515 4327 2875 4427 variaeque
2942 4329 3015 4404 in
3068 4355 3154 4404 eo
3214 4331 3653 4430 requirantur
3710 4330 3965 4406 mentis
4024 4329 4375 4428 animique

1349 4449 1548 4524 dotes
1615 4446 1808 4522 haud
1874 4446 2222 4546 vulgares,
2292 4447 2401 4522 vel
2448 4447 2545 4524 sic
2600 4455 2834 4524 tamen
2884 4450 3037 4550 ipse
3086 4473 3229 4554 non
3272 4451 3577 4526 nascitur
3596 4508 3619 4540 ,
3666 4451 3794 4526 sed
3842 4451 3947 4526 fit.
4042 4449 4375 4524 Doctrina

1353 4567 1496 4642 vim
1560 4574 1958 4666 promoveat
2020 4565 2306 4644 insitam
2375 4593 2657 4668 prorsus
2706 4593 2985 4646 necesse
3028 4575 3167 4660 est,
3216 4578 3288 4646 et
3328 4571 3481 4646 sine
3529 4570 3847 4670 diligenti
3885 4568 4373 4644 exercitatione

1352 4687 1686 4762 naturalis
1745 4711 1992 4786 parum
2059 4689 2240 4765 valet
2297 4689 2567 4790 ingenii
2625 4689 2920 4768 bonitas.
3042 4693 3205 4771 Quo
3254 4691 3533 4792 gravius
3574 4715 3777 4791 porro
3818 4697 3893 4766 et
3934 4688 4178 4766 utilius
4226 4696 4333 4764 est
4349 4746 4370 4776 ,

1351 4805 1446 4880 de
1507 4831 1646 4904 quo
1689 4807 1988 4884 dicimus
2007 4865 2030 4896 ‚
2083 4833 2348 4888 munus
2391 4818 2460 4886 et
2500 4835 2647 4910 quo
2695 4811 2897 4911 plura
2940 4821 3108 4888 sunt
3152 4819 3225 4888 et
3262 4813 3576 4914 graviora
3615 4812 3771 4888 eius
3814 4811 4067 4901 officia,
4116 4833 4201 4886 eo
4238 4807 4371 4884 mi-
