4934 6184
1790 711 2351 778 ORATIO.
3469 715 3594 780 237

562 919 839 992 Graecis
902 920 1143 995 maiori
1187 942 1349 992 cum
1408 919 1875 996 emolumento
1936 921 2273 996 bonarum
2324 919 2706 996 litterarum
2752 942 3030 1019 operam
3073 943 3270 994 suam
3313 920 3596 996 colloca·

562 1043 709 1110 tum
782 1037 865 1110 iri
934 1037 1365 1124 existiment3
1441 1039 1741 1116 Graecos
1808 1048 2123 1116 auctores
2144 1099 2163 1129 ‚
2236 1065 2376 1140 quo
2426 1040 2568 1115 sint
2619 1041 2852 1139 plures
2903 1047 2972 1114 et
3015 1038 3426 1114 difficiliores
3445 1099 3466 1126 ,
3519 1063 3600 1114 eo

561 1156 888 1231 maiorem
928 1157 1287 1232 divinandi
1328 1158 1603 1258 copiam
1648 1160 1831 1237 dare.
1932 1161 2147 1242 Quod
2184 1161 2316 1236 etsi
2353 1185 2439 1234 ex
2481 1167 2674 1258 parte
2719 1181 2958 1233 verum
2999 1165 3106 1232 est
3124 1217 3144 1246 ‚
3188 1183 3324 1234 non
3367 1166 3600 1234 tamen

558 1300 799 1350 omnes
847 1301 891 1350 a
936 1275 1203 1351 Latinis
1256 1275 1599 1353 deterrere
1650 1278 1983 1369 debebat3
2034 1305 2208 1380 quas
2257 1287 2527 1355 constat
2575 1305 2616 1354 a
2663 1277 2918 1354 renatis
2965 1277 3212 1352 litteris
3258 1276 3602 1354 indefesso

564 1395 795 1470 studio
841 1400 912 1468 et
960 1394 1192 1470 labore
1234 1422 1277 1472 a
1323 1399 1933 1498 praestantissimis
1997 1400 2161 1475 viris
2208 1399 2551 1487 excultam
2613 1423 2696 1474 ea
2741 1422 2899 1472 vero
2947 1397 3211 1474 ratione
3257 1399 3562 1474 excultas
3583 1457 3602 1488 ,

566 1523 645 1588 ut
709 1514 981 1613 largum
1028 1514 1130 1590 illi
1178 1539 1507 1616 campum
1526 1575 1547 1606 ,
1612 1518 1684 1592 in
1736 1544 1875 1619 quo
1921 1519 2101 1595 vires
2152 1526 2544 1595 exercerent
2593 1543 2753 1594 suas
2770 1576 2791 1607 ,
2842 1517 3131 1617 posteris
3177 1516 3602 1616 reliquerint.

568 1633 782 1712 Quod
824 1632 1123 1709 breviter
1168 1635 1377 1711 etiam
1420 1660 1758 1737 exponere
1813 1640 1987 1715 mihi
2028 1639 2455 1739 propositum
2507 1647 2633 1713 est.

662 1753 757 1826 Et
792 1753 1121 1851 quoniam
1160 1754 1637 1856 interpretatio
1674 1783 1761 1833 an
1794 1760 2253 1861 intelligentia
2288 1757 2554 1833 critices
2599 1757 3132 1832 fundamentum
3179 1781 3328 1832 esse
3365 1756 3572 1832 debet
3586 1815 3608 1846 ,

568 1871 921 1946 iudicandi
966 1881 1201 1949 autem
1237 1882 1309 1950 et
1353 1877 1771 1954 emendandi
1814 1880 1989 1955 ratio
2031 1886 2103 1955 et
2146 1877 2443 1954 sollertia
2485 1876 2818 1978 philologi
2860 1875 3308 1977 praecipuum
3352 1901 3520 1954 mun
3529 1903 3610 1952 us

572 2000 719 2079 est,
771 1991 858 2065 de
909 2001 1201 2092 utroque
1251 1995 1573 2096 deinceps
1618 1996 2011 2075 dicendum.
3267 2084 3270 2087 .

666 2111 817 2185 Etsi
882 2111 1033 2211 ipsa
1098 2113 1347 2189 veritas
1408 2123 1805 2216 temporum
1867 2117 2339 2193 vicissitudine
2398 2124 2469 2192 et
2525 2117 2826 2190 ludibrio
2878 2121 3151 2191 exemta
3197 2121 3304 2190 est
3323 2173 3343 2204 ‚
3405 2139 3610 2190 nemo

568 2239 798 2306 tamen
834 2238 940 2305 est
974 2232 1183 2331 paulo
1226 2233 1561 2309 excultior
1576 2293 1596 2323 ‚
1634 2237 1805 2336 quin
1843 2237 2109 2312 noverit
2148 2247 2541 2339 temporum
2579 2234 2940 2336 ingenium
2975 2235 3186 2311 etiam
3223 2234 3298 2309 in
3331 2233 3613 2310 scientis

570 2351 941 2427 excolenda
1008 2352 1311 2449 aliquam
1386 2353 1525 2428 vim
1586 2354 1840 2430 habere
1882 2363 1953 2430 et
1999 2365 2431 2431 momentum
2458 2407 2481 2445 ,
2537 2361 2619 2427 ut
2665 2379 2752 2428 ne
2801 2353 3233 2453 philosophia
3293 2353 3574 2452 quidem
3596 2412 3616 2443 ,

572 2495 749 2569 quae
811 2469 1125 2545 omnium
1187 2470 1487 2546 maxime
1554 2497 1627 2547 se
1689 2473 1842 2572 ipsa
1900 2484 2223 2551 contenta
2281 2483 2352 2548 et
2411 2499 2620 2574 supra
2677 2473 3031 2571 vulgarem
3090 2476 3342 2544 sortem
3393 2481 3618 2546 erecta

574 2590 887 2664 videatur
904 2648 925 2677 ,
973 2589 1187 2663 huius
1236 2581 1520 2666 rationis
1570 2591 1661 2666 sit
1710 2617 1976 2694 expers.
2076 2593 2359 2669 Etenim
2405 2592 2656 2691 cuique
2705 2589 2914 2666 aetati
2963 2613 3087 2664 sua
3137 2596 3301 2662 sunt
3349 2589 3580 2662 studia
3597 2647 3616 2678 ,

542 2709 863 2784 ,eruditis
922 2732 1199 2808 quoque
1258 2711 1653 2809 aequalium
1700 2713 2079 2788 sententiae
2125 2721 2196 2787 et
2243 2713 2560 2787 voluntas
2609 2735 2693 2785 ex
2742 2717 2940 2809 parte
2987 2717 3172 2784 certe
3217 2731 3620 2784 communes

578 2838 779 2917 sunt;
844 2837 1089 2928 sponte
1154 2839 1544 2929 sequuntur
1609 2855 1789 2930 quae
1853 2831 2159 2931 ipsorum
2227 2839 2415 2908 aetas
2464 2839 2702 2918 curat,
2741 2828 3109 2930 negligunt
3146 2852 3326 2928 quae
3366 2851 3620 2926 aequa·

580 2951 677 3024 les
726 2955 1085 3048 respuunt.
1188 2951 1274 3023 In
1336 2949 1711 3056 philologia
1776 2951 2059 3051 quidem
2080 3011 2101 3042 ‚
2162 2952 2223 3026 si
2278 2951 2447 3052 quid
2501 2951 2700 3025 video
2717 3008 2736 3038 ‚
2783 2947 3139 3024 iudicandi
3187 2946 3470 3022 libertas
3519 2946 3622 3020 in-

580 3069 789 3143 crevit
812 3127 831 3157 ‚
903 3068 1109 3142 simul
1170 3067 1541 3144 imminute
1606 3079 1713 3145 est
1780 3095 2013 3146 rerum
2061 3071 2467 3147 traditarum
2519 3070 2694 3144 fides
2713 3129 2732 3158 ,
2791 3068 2866 3143 in
2917 3092 3059 3168 quo
3108 3064 3362 3142 saeculi
3411 3065 3628 3140 nostri
3779 3055 3786 3067 ’

584 3187 941 3288 ingenium
1003 3187 1200 3262 facile
1265 3189 1683 3287 agnoscitur.
1783 3189 2231 3290 Antiquiores
2295 3189 2704 3291 interpretes
2723 3247 2742 3276 ,
2815 3211 2956 3288 qua
3005 3193 3201 3262 erant
3249 3185 3627 3260 reverentia

586 3319 887 3382 veterum
910 3365 930 3395 ,
1001 3331 1187 3394 raro,
1256 3308 1315 3381 si
1382 3308 1555 3407 quid
1621 3309 1855 3384 minus
1914 3316 2098 3384 recte
2168 3309 2433 3384 dictum
2515 3316 2734 3397 esset,
2807 3307 3143 3383 notabant
3162 3340 3180 3395 3
3257 3305 3466 3405 vulgo
3527 3305 3626 3380 ita

584 3426 1035 3502 versabantur
1098 3425 1169 3500 in
1229 3426 1683 3526 explicatione
1702 3486 1723 3516 ,
1791 3437 1905 3518 ut,
1956 3430 2016 3503 si
2083 3428 2255 3528 quid
2323 3427 2748 3536 difficultatis
2820 3425 3289 3515 offenderent,
3353 3422 3628 3523 quidvis

582 3545 935 3621 crederent
1001 3547 1234 3645 potius
1308 3572 1523 3645 quam
1594 3554 1717 3623 aut
1785 3573 2047 3624 errasse
2111 3548 2474 3648 scriptores
2491 3606 2510 3637 ,
2581 3558 2707 3624 aut
2771 3548 3004 3622 minus
3052 3545 3414 3647 perspicue
3465 3544 3625 3618 scri-
3766 3642 3769 3644 ‚

584 3666 836 3762 psisse,
905 3672 1031 3738 aut
1099 3690 1347 3764 parum
1400 3675 1581 3740 recte
1634 3667 1971 3741 rationem
2022 3668 2458 3742 conclusisse.
2561 3655 3020 3764 Explicabant
3071 3664 3304 3764 potius
3353 3661 3628 3760 singula

588 3781 792 3856 verba
851 3790 922 3855 et
985 3782 1529 3858 constructiones
1548 3842 1569 3871 ,
1634 3809 1848 3882 quam
1914 3785 2410 3858 sententiarum
2467 3807 2726 3858 nexum
2790 3781 3241 3882 explorabant
3296 3790 3368 3856 et
3417 3803 3624 3880 argu-

590 3907 981 3976 mentorum
1049 3900 1321 4001 pondus
1384 3909 1457 3977 et
1522 3902 1827 4002 partium
1883 3903 2407 3979 cohaerentiam.
2501 3903 2764 3976 Nostra
2817 3900 3184 4002 praecipue
3235 3904 3458 3976 aetate
3515 3925 3624 3976 ac·

588 4030 825 4097 curata
886 4021 1184 4097 fontium
1244 4020 1689 4125 indagatione
1757 4021 2115 4099 historicos
2182 4022 2480 4098 subinde
2545 4047 2807 4099 errasse
2877 4030 3003 4098 aut
3065 4021 3414 4098 sublestae
3477 4046 3628 4098 esse

590 4142 751 4216 fidei
822 4150 893 4217 et
962 4142 1387 4219 auctoritatis
1406 4203 1426 4233 ‚
1496 4151 1621 4220 aut
1682 4167 1927 4244 parum
1994 4143 2181 4244 ipsos
2240 4143 2313 4219 in
2356 4131 2806 4221 'consulendis
2867 4141 3376 4242 antiquioribus
3433 4140 3626 4216 libris

592 4261 845 4337 iudicio
895 4261 1187 4338 valuisse
1240 4270 1667 4362 compertum
1724 4271 1871 4354 est3
1921 4263 2356 4340 Crcnaonnu
2408 4263 2482 4339 in
2535 4253 2965 4366 philosophia
3013 4261 3417 4364 explicanda
3461 4258 3625 4334 sub-

593 4382 755 4456 inde
822 4383 1161 4458 titubasse
1223 4383 1581 4460 creditum.
1694 4385 2085 4460 Poetarum·
2130 4409 2269 4460 non
2333 4383 2539 4484 longe
2609 4385 2878 4460 diversa
2946 4382 3120 4459 ratio
3183 4379 3454 4456 videtur
3470 4436 3491 4465 ‚
3542 4401 3627 4453 ex

595 4525 735 4600 quo
790 4503 914 4576 diu
979 4503 1202 4578 multa
1266 4502 1476 4579 tacito
1522 4504 2003 4603 praetermissa
2048 4528 2199 4578 esse
2218 4562 2239 4593 ,
2292 4527 2472 4602 quae
2519 4527 2725 4578 sanae
2778 4502 2996 4579 menti
3049 4506 3172 4576 aut
3219 4497 3630 4574 testimoniis

595 4622 1029 4721 antiquitatis
1090 4630 1215 4698 aut
1282 4623 1443 4698 usui
1512 4623 1841 4722 loquendi
1910 4622 2229 4712 obstent,
2298 4622 2711 4698 recentiores
2792 4619 3320 4696 contenderunt.
3440 4615 3629 4694 Hinc

596 4741 857 4816 factum
898 4750 980 4816 ut
1024 4743 1415 4843 interpretis
1459 4767 1717 4818 munus
1758 4766 1897 4817 non
1938 4741 2012 4817 in
2057 4741 2437 4817 sententiae
2485 4741 2912 4817 enarratione
2957 4739 3330 4816 subsistere
3371 4737 3628 4839 possit,

601 4863 723 4935 sed
781 4862 851 4936 in
902 4863 1324 4962 philosophis
1380 4864 1601 4939 multo
1659 4861 2061 4962 diligentius
2118 4861 2189 4936 in
2244 4860 2458 4936 totius
2509 4859 2667 4938 libri
2727 4860 3311 4939 ratiocinationem
3375 4857 3471 4936 sit
3522 4859 3628 4934 in-
