4934 6184
1749 639 2324 751 ORATIQ
3456 685 3542 749 u

519 915 659 966 non
717 889 914 990 impii
977 893 1252 964 tantum
1331 893 1402 961 et
1463 887 1846 964 turbulenti
1887 897 2246 966 novatores
2293 889 2595 987 aliquot,
2647 889 2771 966 sed
2824 890 2950 964 viri
2997 890 3201 966 etiam
3252 890 3541 966 honora-

517 1011 722 1086 tiores
763 1017 834 1083 et
875 1006 1282 1084 eruditionis
1331 1005 1539 1081 laude
1585 1010 1954 1107 conspicui.
2056 1011 2162 1084 De
2214 1033 2355 1107 qua
2393 1007 2679 1108 quidem
2720 1009 3121 1106 quaestione
3166 1009 3541 1108 quominus

513 1131 736 1206 multa
803 1129 1154 1227 disputem
1217 1171 1321 1188 --
1383 1149 1546 1203 nam
1603 1151 1768 1202 cum
1823 1128 1909 1202 iis
1965 1128 2135 1202 mihi
2193 1153 2338 1202 rem
2396 1152 2547 1202 esse
2601 1127 2789 1204 haud
2834 1129 3129 1204 diffiteor
3178 1173 3280 1188 --
3318 1129 3543 1204 otium

509 1250 676 1324 fecit
722 1249 1158 1324 Hauonnrus
1211 1253 1480 1334 noster,
1529 1246 1602 1322 in
1641 1247 1784 1322 otio
1829 1271 1956 1322 suo
2003 1247 2441 1322 meritissimo
2487 1247 2773 1322 minime
2822 1249 3217 1324 etiamnunc
3252 1249 3535 1324 otiosus.

511 1372 612 1444 At
677 1369 876 1446 lubet
951 1375 1182 1442 tamen
1202 1425 1222 1456 ,
1281 1377 1655 1464 praeeunte
1725 1392 1808 1442 eo
1829 1427 1846 1453 ,
1911 1368 2228 1442 nonnihil
2266 1367 2340 1442 in
2387 1367 2695 1442 medium
2750 1367 3049 1464 proferre
3069 1426 3089 1455 ,
3140 1393 3280 1466 quo
3336 1367 3537 1442 disci-

511 1487 740 1586 plinae
809 1486 996 1562 illius
1017 1544 1037 1572 ,
1103 1486 1218 1560 cui
1261 1510 1514 1562 nomen
1564 1487 1727 1561 dedi
1780 1487 2130 1584 vitamque
2175 1486 2434 1572 dicavi,
2486 1487 2637 1560 iura
2682 1485 2770 1559 ab
2820 1487 3011 1561 omni
3052 1487 3323 1585 impetu
3368 1512 3537 1587 quo·

509 1607 888 1684 dammodo
936 1605 1180 1682 saltem
1221 1605 1640 1682 Academiae
1689 1606 2049 1682 vindicem.
2150 1604 2522 1702 Theologia
2572 1603 2755 1678 enim
2778 1661 2799 1690 ,
2866 1605 3054 1702 quod
3101 1605 3290 1678 haud
3342 1605 3539 1681 facile

509 1726 674 1824 quis
731 1725 1084 1824 negaverit
1125 1735 1196 1799 et
1249 1724 1354 1798 vel
1400 1723 1619 1822 ipsius
1661 1749 1913 1800 nomen
1961 1723 2228 1822 arguit,
2292 1721 2606 1798 doctrina
2650 1729 2793 1811 est,
2844 1723 3115 1822 proprie
3163 1724 3260 1798 sic
3310 1724 3495 1800 dicta
3517 1783 3537 1812 ,

509 1869 736 1942 quae,
804 1844 992 1920 haud
1053 1868 1250 1918 secus
1311 1867 1392 1918 ac
1452 1839 1758 1943 reliquae
1811 1869 2050 1920 omnes
2071 1902 2090 1931 ,
2157 1867 2336 1942 quae
2379 1843 2452 1918 in
2503 1842 2897 1918 Academiis
2940 1843 3345 1932 traduntur,
3396 1844 3540 1918 suis

509 1965 662 2061 ipsa
732 1962 990 2038 viribus
1053 1963 1356 2050 nitatur,
1421 1963 1568 2037 suis
1631 1989 1672 2038 e
1743 1963 2096 2063 principiis
2157 1961 2498 2060 pendeat,
2564 1986 2723 2036 suas
2780 1960 2853 2035 in
2910 1969 3140 2059 partes
3194 1962 3542 2036 dividatur

448 2077 456 2084 ’
506 2090 720 2180 atque
783 2081 874 2156 ad
945 2089 1205 2158 certam
1270 2081 1767 2181 definitamque
1829 2082 2230 2180 disciplinae
2293 2104 2607 2156 normam
2672 2079 2761 2154 ab
2814 2080 3140 2154 omnibus
3188 2081 3540 2156 excolatur

505 2200 852 2300 germanis
899 2201 1294 2299 TheologiS.
1395 2203 1646 2280 Fateor
1697 2201 2022 2300 equidem
2041 2259 2061 2288 ,
2113 2225 2224 2276 me
2246 2259 2265 2288 ,
2313 2201 2412 2276 ita
2461 2201 2857 2298 loquentem
2879 2257 2898 2288 ,
2949 2223 3086 2274 non
3129 2198 3317 2274 illam
3366 2199 3541 2274 mihi

509 2319 677 2395 velle
727 2319 1172 2418 Theologiam
1223 2320 1703 2396 scholasticam
1722 2379 1742 2409 ,
1793 2344 1970 2418 quae
2029 2319 2382 2417 quondam
2439 2317 2693 2392 nostris
2736 2317 2807 2390 in
2860 2315 3109 2391 scholis
3159 2315 3536 2405 doceretur,

505 2438 875 2514 vanissima
921 2439 1224 2538 quadam
1277 2440 1626 2516 doctrinae
1665 2439 1889 2538 speeie
1935 2438 2255 2514 indutam
2294 2438 2485 2512 illam
2534 2435 2987 2534 formulisque
3004 2494 3024 2525 ,
3075 2460 3253 2534 quae
3296 2434 3537 2510 dicun-

509 2567 624 2634 tur
641 2616 661 2647 ,
712 2558 1184 2634 artificialibus
1233 2559 1614 2636 involutam
1634 2618 1654 2649 ,
1703 2559 1846 2636 imo
1905 2557 2382 2634 controversiis
2427 2561 2640 2656 quam
2690 2556 2991 2632 maxime
3038 2554 3355 2630 futilibus
3402 2553 3537 2628 liti-

505 2677 778 2776 busque
821 2676 1186 2754 sterilibus
1233 2678 1333 2756 ita
1391 2679 1712 2758 refertam
1732 2738 1752 2768 ,
1817 2685 1900 2753 ut
1941 2678 2032 2753 ad
2075 2678 2340 2756 nullam
2380 2701 2661 2775 prorsus
2708 2676 2910 2752 aliam
2960 2700 3107 2752 rem
3156 2675 3347 2750 utilis
3391 2699 3541 2752 esse

503 2796 853 2871 videretur
870 2854 892 2885 ,
939 2797 1072 2872 nisi
1111 2797 1204 2871 ad
1243 2798 1572 2876 alendum
1593 2855 1616 2886 ,
1665 2797 1856 2896 quod
1895 2797 1970 2870 in
2007 2796 2448 2895 proverbium
2491 2794 2699 2884 abiit,
2748 2795 2990 2869 odium
3024 2794 3536 2893 Theologicum.

503 2913 648 2989 Sed
713 2913 891 2990 hanc
954 2914 1129 2990 mihi
1191 2915 1386 3004 vole,
1445 2941 1623 3016 quae
1697 2915 1860 2992 inde
1925 2941 1968 2990 a
2030 2915 2262 2992 medio
2309 2915 2543 2990 seculo
2598 2913 3033 3013 praecedenti
3076 2913 3264 2988 culta
3314 2919 3421 2990 est
3472 2921 3542 2988 et

501 3033 644 3108 iam
695 3033 883 3130 viget
927 3033 1262 3130 floretque
1307 3035 1448 3108 veri
1489 3035 1790 3110 nominis
1835 3034 2226 3132 Theologia.
2302 3033 2500 3110 Haec
2539 3035 2789 3133 igitur,
2841 3034 2913 3108 in
2957 3058 3097 3132 qua
3137 3032 3541 3130 explicanda

502 3151 948 3250 ornandaque
997 3152 1202 3228 multi
1249 3153 1678 3230 desudarunt
1718 3152 2200 3250 desudantque
2229 3152 2458 3228 adhuc
2490 3152 2751 3250 ingenii
2780 3152 3161 3228 subtilitate
3189 3159 3261 3225 et
3288 3153 3538 3228 doctri-

503 3295 634 3348 nae
685 3274 888 3370 oopia
935 3271 1244 3370 insignes
1295 3272 1460 3360 viri;
1527 3271 1694 3349 haec
1714 3329 1735 3359 ,
1784 3271 2108 3370 inquam,
2159 3270 2246 3346 de
2300 3271 2454 3348 Deo
2500 3271 2849 3372 rebusque
2893 3272 3146 3348 divinis
3191 3271 3501 3348 doctrina
3519 3330 3539 3360 ,

503 3391 595 3467 ad
659 3388 1005 3466 Ecclesiae
1072 3389 1506 3468 Christianae
1579 3390 2084 3488 hominumque
2157 3389 2452 3466 salutem
2517 3391 2827 3490 apprime
2878 3391 3294 3489 composita,
3360 3391 3541 3467 inter

505 3509 802 3609 reliquas
871 3533 1110 3584 omnes
1132 3568 1155 3599 ,
1226 3535 1404 3609 quae
1467 3510 1791 3588 coluntur
1812 3568 1833 3598 ,
1903 3510 2072 3586 varii
2125 3510 2397 3610 generis
2454 3510 2851 3609 disciplinas
2909 3512 3137 3589 locum
3199 3537 3409 3587 suum
3470 3519 3541 3586 et

507 3630 749 3706 merito
805 3629 1120 3704 obtinere
1183 3637 1255 3704 et
1314 3631 1468 3708 iure
1525 3655 1652 3706 suo
1713 3628 1850 3706 sibi
1917 3630 2262 3706 vindicare
2337 3630 2620 3710 omnino
2684 3631 2972 3707 videtur.
3073 3632 3229 3708 Iam
3279 3656 3435 3705 vero
3482 3633 3549 3705 si.

519 3774 708 3826 uesse
759 3749 1074 3824 omnium
1123 3747 1399 3827 illarum
1445 3751 1699 3828 artium
1718 3808 1739 3840 ,
1802 3774 1980 3850 quae
2031 3751 2122 3826 ad
2168 3750 2675 3828 humanitatem
2721 3751 3111 3850 pertinent,
3172 3734 3539 3826 commune

515 3869 840 3968 valiquod
911 3868 1268 3946 vinculum
1327 3870 1812 3969 doctrinasque
1879 3894 2119 3953 omnes
2190 3870 2391 3968 quasi
2439 3870 2849 3968 cognatione
2892 3870 3197 3968 quadam
3240 3868 3421 3944 inter
3464 3894 3539 3944 se

513 3989 938 4067 ucontineri’'
1011 4013 1174 4064 cum
1235 3991 1518 4066 Tnnuo
1595 3979 1945 4068 verissime
2022 3990 2325 4079 dicatur,
2401 3988 2573 4088 quid
2636 3989 2919 4066 tandem
2985 3995 3130 4076 est,
3198 3987 3389 4086 quod
3442 3989 3531 4064 ab

505 4107 902 4184 Academiis
962 4109 1214 4186 nostris
1279 4135 1422 4186 una
1485 4117 1795 4188 arceatur
1863 4109 2236 4209 Theologia
2297 4117 2369 4185 et
2428 4110 2537 4186 vel
2586 4111 2785 4188 exsul
2842 4108 3075 4208 vagari
3120 4110 3230 4185 vel
3272 4109 3349 4185 in
3390 4110 3535 4184 suis

505 4235 782 4304 tantum
849 4229 1230 4306 seminariis
1299 4230 1600 4308 solitaria
1662 4231 1972 4309 habitare
2035 4231 2373 4330 cogatur?
2445 4232 2682 4310 Quam
2728 4230 3037 4329 iniquam
3086 4229 3233 4304 eius
3274 4237 3533 4306 sortem

504 4355 580 4424 et
629 4348 1166 4428 Academiarum
1231 4358 1622 4428 nostrarum
1668 4359 1742 4427 et
1787 4377 1944 4428 vero
1988 4351 2210 4450 ipsius
2253 4349 2739 4450 religionisque
2758 4410 2777 4439 ,
2825 4375 3037 4450 quam
3084 4351 3488 4449 profitemur
3508 4407 3529 4436 ,

507 4466 980 4546 sanctissimae
1035 4495 1247 4546 causa
1316 4471 1715 4570 lugeremus
1777 4469 2396 4548 vehementissime.
2509 4471 2959 4546 Academiam
3024 4470 3217 4545 vobis
3287 4468 3531 4566 fingite

509 4587 1220 4686 Lugduno-Batavam
1247 4648 1267 4678 ,
1335 4615 1513 4689 quae
1570 4590 1890 4690 princeps
1957 4590 2270 4666 omnium
2332 4590 2406 4666 in
2449 4591 2673 4688 patria
2716 4597 2950 4666 nostra
2994 4589 3133 4664 dici
3176 4588 3532 4664 consuevit

509 4714 583 4780 et
657 4707 786 4784 hoc
849 4733 976 4784 suo
1041 4709 1320 4786 nomine
1391 4709 1484 4784 ad
1553 4695 1739 4786 hunc
1802 4733 2036 4805 usque.
2091 4707 2277 4784 diem
2349 4730 2489 4784 non
2557 4706 2902 4781 immerito
2952 4705 3285 4806 gloriatur
3305 4765 3325 4796 ,
3374 4731 3529 4782 eam

513 4825 757 4924 fingite
807 4827 1000 4906 vobis
1019 4887 1044 4918 ,
1091 4829 1598 4929 Theologorum
1635 4828 1790 4906 luce
1843 4825 2034 4904 haud
2079 4824 2378 4925 amplius
2425 4825 2889 4902 collustratum
2912 4826 2961 4901 l,
3007 4825 3307 4903 Habetis
3350 4826 3488 4904 iam
3504 4889 3527 4917 ,
