4934 6184
1678 669 2474 776 ‘onai-10..
3509 707 3598 776 21

562 915 851 992 Frustra
893 914 969 990 hi
1020 913 1307 1014 (inquit)
1358 915 1595 990 Gallos
1631 917 1962 992 aemulari
2006 917 2291 992 student
2333 913 2582 990 habitu
2599 969 2620 1002 ,
2669 913 2925 988 vestitu
2941 971 2963 1004 ,
2995 937 3308 990 sermone
3327 972 3349 1004 ‚
3379 914 3564 990 victu
3579 973 3600 1003 ,

566 1037 739 1135 quin
806 1036 949 1110 imo
1015 1035 1366 1111 amoribus
1440 1043 1511 1110 et
1576 1035 2005 1112 libidinibus.
2106 1037 2201 1110 Et
2254 1062 2295 1110 e
2340 1061 2498 1110 mea
2549 1034 2892 1108 sententia
2937 1035 3291 1136 aliquanto
3335 1035 3601 1136 peiores

569 1156 873 1231 evadunt
915 1181 1127 1255 quam
1169 1155 1521 1255 oporteat,
1562 1156 1961 1231 affectantes
2002 1156 2317 1230 meliores
2356 1154 2572 1230 videri
2613 1179 2826 1252 quam
2866 1179 3043 1253 opus
3077 1155 3202 1242 sit,
3235 1179 3600 1253 personam

570 1282 853 1373 agentes
916 1275 1283 1350 ridiculam
1347 1298 1568 1372 quum
1630 1275 2020 1374 potuissent
2076 1300 2229 1349 esse
2278 1275 2406 1348 viri
2456 1273 2746 1373 spectati
2799 1279 2870 1346 et
2917 1272 3337 1348 venerabiles
3391 1275 3452 1348 si
3495 1281 3602 1348 sat

572 1392 979 1468 habuissent
1014 1395 1123 1468 sui
1164 1393 1422 1468 similes
1462 1420 1613 1469 esse
1634 1453 1653 1482 ,
1690 1395 2194 1494 popularesque
2234 1395 2526 1468 virtutes
2559 1392 2800 1466 colere.
2861 1393 3232 1467 Caeterum
3273 1392 3601 1492 (benigne

572 1513 797 1606 addit)
868 1521 940 1589 et
1014 1513 1090 1586 hi
1146 1533 1378 1613 'genus
1451 1521 1615 1589 sunt
1677 1513 2041 1587 hominum
2111 1511 2385 1588 affabile
2450 1520 2522 1584 et
2582 1511 2916 1608 politum;
2979 1520 3049 1587 et
3109 1539 3287 1612 quae
3340 1513 3602 1589 obeunt

575 1657 866 1708 munera
911 1629 1191 1732 publica
1236 1632 1451 1731 probe
1496 1641 1571 1708 et
1616 1631 2057 1708 laudabiliter
2102 1655 2339 1730 gerere
2389 1630 2632 1704 solent.

677 1991 963 2067 Talibus
1021 1993 1523 2091 propemodum
1586 1996 1816 2093 gentis
1874 1995 2177 2069 Batavae
2233 1993 2538 2070 indolem
2557 2051 2578 2081 ,
2629 2017 2801 2068 usus
2848 2001 2919 2068 et
2963 2019 3190 2068 mores
3233 1995 3607 2070 'rampuns

577 2111 879 2210 exponit.
981 2113 1077 2186 Et
1142 2113 1254 2188 hie
1303 2112 1443 2188 iam
1500 2112 1682 2188 rivos
1728 2115 2048 2189 claudere
2100 2113 2407 2187 licuisset
2416 2131 2443 2202 ·,
2493 2113 2629 2187 nisi
2670 2105 2948 2212 aliquid·
2991 2121 3378 2212 superesset
3423 2115 3614 2213 quod

576 2233 752 2306 mihi
813 2239 997 2308 certe
1044 2234 1691 2309 commemoratione
1747 2232 2237 2332 dignissimum
2288 2231 2581 2308 videtur.
2682 2231 3104 2307 Audivimus
3145 2231 3332 2306 6111111
3379 2241 3611 2307 aucto-

580 2377 725 2427 rem
790 2353 1188 2452 opinantem
1208 2413 1229 2443 ,
1299 2353 1595 2453 priscam
1658 2353 1870 2428 huius
1932 2353 2175 2452 populi
2230 2352 2558 2426 virtutem
2603 2351 2860 2425 sensim
2895 2335 3268 2427 ⁸evanuisse
3289 2411 3310 2441 ,
3359 2377 3614 2452 eosque

581 2497 705 2571 per
744 2472 1155 2548 commercia
1172 2532 1193 2562 ,
1241 2498 1366 2572 per
1409 2498 1575 2572 opes
1594 2532 1615 2562 ,
1664 2498 1786 2573 per
1829 2473 1972 2548 otia
2016 2480 2087 2547 et
2133 2472 2472 2546 desidiam
2516 2471 2878 2570 ingenium
2921 2479 3304 2572 torpescere
3356 2473 3614 2548 sivisse.

584 2594 725 2667 Sed
777 2593 970 2668 aliud
1015 2595 1298 2692 insuper
1340 2593 1539 2668 addit
1584 2593 1928 2694 monitum
1978 2592 2167 2692 quod
2216 2591 2494 2691 gravius
2547 2591 2757 2664 etiam
2810 2591 3118 2681 videtur,
3169 2603 3326 2668 tum
3375 2593 3434 2668 si
3469 2617 3617 2669 rem

580 2714 805 2812 ipsam
824 2773 845 2803 ,
894 2719 1051 2788 tum
1099 2713 1161 2787 si
1205 2713 1563 2788 materiem
1610 2714 1711 2812 rei
1760 2721 2047 2814 spectas.
2146 2713 2337 2787 Nam
2383 2711 2560 2786 illud
2607 2717 2888 2809 poetae:

1389 2842 1552 2902 Felix
1588 2843 1681 2920 qui
1724 2843 1904 2922 potnit
1942 2844 2127 2902 rerum
2165 2860 2499 2918 cognoscere
2537 2841 2756 2901 causas!

586 2947 775 3024 haud
823 2949 1170 3024 absonum
1216 2957 1626 3048 argumento
1672 2948 2055 3048 putabitur.

684 3069 771 3143 In
795 3067 1190 3142 universum
1209 3127 1230 3157 ,
1257 3067 1488 3167 inquit
1503 3070 1629 3162 ⁶⁵),
1660 3093 1902 3144 omnes
1929 3094 2141 3169 penes
2164 3069 2291 3144 hos
2310 3051 2728 3169 cupiditates
2751 3076 2822 3144 et
2842 3069 3057 3144 animi
3077 3076 3310 3144 motus
3333 3068 3614 3167 segnius
3745 3064 3753 3070 ’

588 3188 856 3265 cientur
907 3212 1120 3285 quam
1168 3189 1356 3288 apud
1402 3189 1590 3264 61106.
1690 3190 1915 3265 Rixae
1962 3215 2153 3265 rarae
2193 3191 2329 3264 nisi
2375 3191 2558 3265 inter
2597 3190 2980 3264 vinolentos
2996 3223 3017 3279 ;
3068 3191 3239 3264 item
3282 3189 3620 3264 vindictae

586 3316 661 3382 et
701 3309 1110 3384 aemulatus.
1212 3309 1572 3384 Graviores
1614 3317 1780 3383 sunt
1831 3333 2045 3408 quam
2096 3318 2179 3383 ut
2228 3309 2488 3398 sciant,
2546 3306 2718 3408 quid
2773 3303 2863 3380 sit
2913 3306 3190 3406 gaudiis
3228 3307 3581 3416 ‘exsultare
3602 3366 3621 3395 ,

589 3426 975 3526 frigidiores
1036 3453 1250 3527 quam
1268 3488 1287 3518 ,
1333 3429 1512 3528 quid
1560 3453 1809 3504 amare.
1910 3429 2229 3504 Potando
2278 3429 2453 3503 forte
2502 3427 2712 3502 nimis
2763 3428 3169 3527 indulgentz
3222 3454 3434 3527 quam
3476 3453 3626 3504 rem

592 3571 733 3644 non
780 3548 953 3622 adeo
1004 3549 1283 3624 sanitati
1336 3549 1733 3624 conducere·
1754 3549 2143 3625 existimem
2168 3607 2187 3636 ,
2238 3557 2322 3626 ut
2363 3548 2534 3647 ipsis
2578 3548 2852 3622 videtur
2871 3608 2892 3638 ,
2939 3557 3248 3624 attamen
3303 3575 3343 3623 e
3391 3574 3626 3624 neces-

595 3667 797 3741 sitate
878 3668 1269 3744 sustinendi
1331 3678 1403 3743 et
1468 3668 1871 3742 stimulandi
1937 3670 2069 3743 sub
2139 3669 2269 3743 hoc
2336 3669 2520 3743 tristi
2583 3675 2654 3742 et
2719 3667 3052 3743 nebuloso
3112 3667 3305 3744 ‘coelo
3367 3669 3630 3768 ingenii

596 3786 1062 3862 excusabilem
1082 3790 1207 3881 ⁶⁶).
1306 3789 1417 3862 De
1450 3813 1679 3862 amore
1716 3796 1955 3862 autem
1991 3813 2495 3886 nonnunquam
2542 3787 2900 3862 disseritur
2935 3789 3134 3862 inter.
3153 3790 3587 3861 iuventutem
3608 3845 3629 3875 ,

600 3908 723 3979 sed
785 3914 867 3981 ut
935 3908 1021 3982 de
1093 3933 1169 3982 re
1238 3907 1487 3982 auditu
1546 3906 1770 4006 magis
1827 3931 2040 4006 quam
2105 3933 2239 3983 usu
2295 3915 2480 3983 nota.
2597 3908 2946 4005 Equidem
2992 3906 3136 3981 vidi
3183 3907 3450 4004 aliquos
3501 3906 3630 4005 qui

604 4033 941 4101 amatores
998 4029 1167 4104 satis
1218 4026 1667 4129 probabiliter
1718 4027 2088 4118 referrent,
2138 4028 2412 4103 nullum
2462 4052 2623 4102 vero
2668 4033 2942 4127 pectore
2989 4028 3366 4127 spirantem
3411 4027 3626 4127 Cupi·
3693 4127 3701 4132 =

607 4143 861 4222 dinem.
961 4149 1119 4224 Sive
1158 4150 1331 4224 adeo
1367 4149 1705 4225 libertatis
1739 4148 2032 4223 studiosi
2070 4149 2249 4239 sint,
2291 4159 2372 4224 ut
2408 4173 2499 4224 116
2537 4147 2890 4222 dominam
2938 4146 3224 4246 quidem
3257 4146 3432 4221 ferre
3472 4171 3630 4246 pos-

607 4263 785 4352 sint,
839 4264 979 4339 sive
1021 4268 1152 4342 toti
1199 4269 1273 4343 in
1322 4295 1403 4344 ea
1444 4295 1609 4344 cura
1650 4269 2121 4368 negotiorum,
2166 4294 2379 4368 quam
2419 4268 2557 4343 illis
2590 4267 2816 4342 inesse
2845 4266 3200 4354 novimus3
3251 4291 3414 4341 nam
3443 4267 3635 4340 nulla

606 4412 681 4462 re
726 4384 1067 4460 efficacius
1108 4389 1473 4488 expellitur
1516 4415 1709 4465 amor
1727 4448 1746 4478 ,
1799 4390 1921 4489 qui
1959 4389 2141 4491 fugit
2187 4389 2311 4465 ubi
2346 4415 2486 4464 non
2516 4390 2702 4465 solus
2730 4395 2954 4464 totum
2981 4386 3293 4462 animum
3319 4396 3632 4485 occupat.

607 4507 757 4580 Nec
788 4503 1091 4604 profecto
1116 4506 1305 4604 ipsas
1340 4507 1602 4607 puellas
1640 4535 1879 4586 curare
1918 4495 2071 4613 repr
2087 4568 2108 4598 ,
2144 4515 2380 4586 utrum
2421 4509 2753 4585 diviniore
2789 4510 3072 4584 flamma
3108 4507 3396 4581 ardeant
3422 4509 3631 4605 proci.

608 4624 952 4701 Matronis
996 4631 1231 4700 autem
1278 4627 1612 4725 pudicitia
1648 4630 1887 4703 innata
1927 4638 2033 4703 est
2071 4639 2143 4703 et
2184 4629 2594 4704 hereditaria
2611 4685 2632 4715 ,
2667 4638 2748 4702 ut
2789 4628 3094 4726 probitas
3143 4625 3327 4701 viris.
3396 4626 3634 4702 Vitam

610 4752 831 4844 agunt
877 4745 1163 4820 domum
1212 4754 1529 4821 curantes
1551 4805 1572 4835 ,
1620 4747 2057 4821 moderantes
2106 4747 2437 4822 familiam
2456 4804 2478 4834 ,
2529 4745 2782 4820 eximia
2827 4745 3012 4820 fama
3053 4745 3379 4820 fruentes.

710 4864 914 4940 Certe
970 4866 1070 4940 ita
1129 4865 1375 4942 leniter
1436 4865 1803 4948 subridens
1843 4891 1983 4942 11011
2030 4891 2277 4966 parum
2324 4866 2844 4991 laudis'tribuit
2885 4865 3309 4943 nostratibus
3327 4943 3335 4952 ,
3356 4873 3594 4941 auctor
3613 4924 3634 4954 ,

1798 5007 1825 5044 ἱ
2025 5004 2039 5016 .
3151 5007 3157 5012 .

590 5155 649 5192 Ι
