4934 6184
1327 693 1458 764 130
2423 697 2478 764 I.
2548 693 2625 762 A.
2694 693 2763 762 C.
2832 691 3269 764 ROVERS

1319 909 1448 980 aut
1505 901 1736 979 acrius
1799 901 2434 1002 contemplantibus
2488 903 2683 980 aliud
2738 901 2953 978 etiam
3010 903 3336 1002 apparet,
3386 898 3581 1000 quod
3628 896 3829 974 initio
3880 905 4239 1001 tamquam
4288 898 4367 974 in

1319 1045 1596 1100 recessu
1641 1021 1946 1098 cernitur
1959 1082 1981 1114 ,
2031 1022 2159 1098 sed
2211 1023 2389 1100 vires
2429 1023 2727 1124 acquirit
2778 1022 3013 1100 eundo
3058 1027 3133 1096 et
3175 1019 3313 1095 illis
3368 1018 3539 1120 ipsis
3578 1017 3869 1094 fortasse
3884 1076 3905 1109 ‚
3954 1045 4133 1120 quae
4178 1044 4369 1096 com-

1318 1148 1746 1230 memorant,
1811 1142 2135 1218 adiutum
2155 1201 2175 1232 ,
2241 1145 2529 1221 tandem
2596 1145 2827 1220 locum
2896 1142 3035 1219 sibi
3098 1139 3321 1242 poscit
3381 1138 3911 1240 amplissimum.
4020 1140 4373 1215 Ardorem

1319 1260 1472 1337 volo
1525 1285 1610 1336 ea
1663 1263 1899 1338 omnia
1947 1263 2235 1340 tollendi
2249 1322 2271 1354 ,
2336 1265 2598 1365 quibus
2647 1266 2857 1340 homo
2908 1263 3188 1340 aliunde
3233 1260 3533 1362 pendere
3578 1283 3807 1359 neque
3852 1283 3943 1334 ex
3994 1249 4369 1359 semetipso

1316 1386 1627 1457 mentem
1667 1383 1972 1460 excolere
2009 1409 2226 1484 seque
2267 1386 2605 1486 explicare
2645 1386 2939 1462 videtur.
3010 1384 3125 1460 Sic
3158 1383 3361 1458 initio
3398 1405 3657 1482 magna
3698 1380 3775 1455 in
3810 1379 4019 1456 rebus
4046 1379 4369 1481 gravissi-

1315 1501 1450 1578 mis
1477 1501 1584 1578 vis
1621 1510 1728 1578 est
1763 1503 2220 1604 antiquitatis.
2299 1505 2573 1584 Literae
2608 1507 2913 1583 Graecae
2945 1511 3019 1581 et
3046 1503 3335 1580 Latinae
3372 1527 3513 1579 non
3552 1509 3833 1577 tantum
3874 1526 3957 1577 eo
3975 1560 3996 1591 ‚
4028 1523 4169 1600 quo
4200 1507 4369 1576 sunt

1317 1619 1768 1720 dignissimae
1784 1681 1807 1713 ,
1855 1623 2114 1700 honore
2162 1625 2509 1703 habentur
2527 1687 2547 1718 ,
2598 1627 2723 1703 sed
2776 1626 3269 1726 quodcumque
3312 1629 3621 1699 veterum
3672 1621 3945 1722 scriptis
4002 1619 4366 1720 consigna-

1317 1749 1474 1817 tum
1533 1751 1800 1834 exstat,
1868 1744 1947 1820 id
2011 1769 2218 1821 omne
2281 1748 2741 1845 praestantiae
2798 1755 2967 1822 nota
3008 1745 3405 1846 insignitur.
3502 1742 3787 1818 Etenim
3836 1741 4097 1816 desunt
4140 1741 4369 1816 adhuc

1316 1861 1666 1963 plerisque
1711 1864 2021 1964 populis,
2070 1890 2250 1965 quae
2288 1891 2452 1943 eum
2494 1867 2603 1942 his
2644 1872 3083 1967 comparent,
3132 1865 3487 1940 literarum
3527 1868 3999 1936 monumenta.
4103 1858 4370 1934 Verum

1317 1982 1576 2059 sensim
1629 1983 2094 2061 intenduntur
2141 1987 2356 2078 vires,
2417 1987 2493 2062 in
2546 1987 2805 2087 linguis
2854 1985 3236 2062 vernaculis
3294 1983 3723 2074 elaboratur,
3776 1981 3887 2058 his
3937 1978 4371 2080 explicantur

1315 2111 1730 2202 argumenta
1791 2129 1934 2180 non
2004 2106 2216 2182 modo
2273 2108 2565 2207 antiqua
2584 2165 2607 2196 ,
2672 2107 2801 2182 sed
2862 2107 3077 2182 etiam
3144 2103 3525 2207 praesentis
3594 2102 3841 2178 aetatis
3860 2160 3882 2192 ,
3956 2125 4045 2176 ex
4105 2100 4371 2176 intimis

1317 2223 1534 2298 animi
1579 2223 1900 2300 sensibus
1951 2233 2026 2300 et
2071 2226 2456 2304 recessibus
2500 2233 2840 2303 eruuntur
2882 2250 2965 2302 ea
2983 2284 3006 2316 ,
3073 2250 3253 2326 quae
3296 2222 3757 2300 recentiorum
3828 2219 4107 2322 propria
4164 2229 4329 2296 sunt
4344 2279 4369 2308 ,

1316 2341 1742 2444 omninoque
1807 2371 2012 2423 suam
2075 2346 2210 2422 sibi
2265 2347 2659 2424 libertatem
2716 2356 2789 2423 et
2854 2348 3335 2448 αὐτουργίαν
3396 2350 3643 2445 gentes
3702 2341 3779 2418 in
3842 2339 4109 2442 ingenii
4172 2339 4369 2416 cultu

1316 2464 1692 2541 vindicant.
1791 2465 2060 2543 Pariter
2119 2493 2338 2569 regna
2394 2475 2470 2542 et
2518 2468 2831 2544 civitates
2893 2467 3021 2543 diu
3063 2467 3288 2543 multa
3334 2465 3691 2542 continent
3734 2471 3861 2539 aut
3904 2461 4189 2538 aliunde
4236 2461 4360 2536 ad-

1317 2592 1516 2660 vecta
1563 2592 1687 2661 aut
1731 2611 1820 2662 ex
1869 2587 2162 2687 pristina
2215 2587 2613 2664 conditione
2672 2596 2941 2664 servata
2985 2611 3209 2688 eoque
3268 2585 3685 2688 pertinentia
3700 2642 3721 2676 ,
3788 2589 3871 2659 ut
3922 2608 4095 2660 suus
4143 2583 4363 2658 omni-

1316 2704 1453 2782 bus
1489 2706 1750 2783 civium
1789 2707 2158 2785 ordinibus
2195 2709 2414 2786 honos
2451 2733 2755 2808 suaque,
2796 2708 3035 2810 legum
3072 2708 3314 2784 habita
3354 2707 3621 2784 ratione
3635 2765 3657 2797 ,
3694 2704 4077 2805 aequalitas
4117 2727 4367 2803 parum

1313 2830 1654 2901 constent.
1771 2825 1972 2903 Haec
2031 2826 2517 2904 ardentissime
2583 2833 3027 2933 expetuntur.
3146 2827 3372 2903 Irritis
3433 2827 3648 2918 votis,
3712 2825 3922 2902 multi
3986 2823 4371 2901 identidem

1316 2945 1451 3022 alio
1472 3003 1494 3036 ,
1537 2945 1617 3020 in
1661 2946 1982 3048 regiones
2021 2947 2198 3024 adeo
2243 2947 2737 3025 transmarinas
2754 3006 2777 3038 ,
2828 2947 3181 3024 secedunt.
3282 2947 3629 3036 Tandem,
3678 2971 3901 3047 quum
3943 2943 4371 3047 temporibus

1314 3066 1934 3143 commutationem
1981 3068 2465 3168 flagitantibus
2512 3093 2653 3145 non
2702 3068 2991 3146 cedatur
3006 3128 3031 3161 ,
3078 3094 3427 3147 armorum
3474 3067 3581 3144 vis
3630 3067 3723 3143 ad
3766 3067 3887 3143 illa
3934 3063 4371 3168 impetranda

1315 3184 1667 3262 confertur
1683 3246 1705 3278 ,
1772 3187 2033 3286 quibus
2093 3188 2384 3264 societas
2399 3248 2422 3279 ,
2486 3188 2903 3266 conscientia
2972 3191 3084 3266 sui
3128 3191 3331 3290 quasi
3384 3187 3741 3264 stimulata
3756 3245 3779 3276 ,
3828 3187 4095 3262 diutius
4140 3209 4369 3262 carere

1315 3305 1582 3404 nequit.
1680 3307 1770 3380 In
1811 3306 2025 3382 rebus
2071 3306 2280 3384 sacris
2323 3309 2557 3385 seculo
2604 3317 2807 3386 sexto
2846 3309 3117 3386 decimo
3158 3315 3585 3410 rumpuntur
3622 3307 3901 3384 vincula
3940 3303 4369 3383 auctoritatis

1317 3425 1666 3501 humanae
1683 3484 1705 3516 ,
1763 3449 2008 3502 verum
2073 3427 2332 3503 sensim
2391 3450 2573 3503 nova
2632 3435 2966 3528 parantur
3024 3427 3117 3503 ad
3178 3428 3317 3504 Dei
3378 3425 3651 3503 colendi
3705 3425 4097 3502 libertatem
4147 3423 4367 3522 impe-

1317 3542 1650 3620 diendam
1707 3544 2006 3620 vincula.
2105 3545 2487 3621 Resistitur
2538 3573 2585 3624 a
2625 3547 2867 3623 multis
2885 3605 2908 3637 ,
2972 3571 3271 3647 quorum
3335 3547 3701 3648 ingenium
3762 3571 3921 3622 acre
3976 3544 4369 3645 subtileque

1313 3662 1657 3740 iudicium
1707 3671 1782 3739 et
1830 3664 2200 3742 hominum
2257 3677 2659 3744 commenta
2718 3667 3027 3769 explodit
3086 3675 3159 3744 et
3218 3667 3311 3744 ad
3369 3667 3597 3743 omnis
3652 3667 3965 3768 procedit
4018 3663 4369 3766 religionis

1315 3785 1855 3861 contemtionem
1875 3843 1897 3875 ,
1964 3809 2178 3885 quam
2239 3786 2376 3862 sibi
2442 3787 2579 3890 ipsi
2634 3812 2777 3864 non
2840 3788 3226 3889 scripserun
3234 3795 3283 3865 t.
3383 3788 3469 3862 In
3532 3787 3641 3864 his
3696 3781 4256 3864 contentionibus
4307 3786 4369 3860 si

1317 3905 1574 3982 indicia
1623 3906 1908 4006 reperiri
1951 3906 2222 3982 affirmo
2263 3907 2661 3984 maturioris
2702 3908 2949 3984 aetatis
2964 3968 2986 4000 ,
3043 3909 3333 3985 minime
3379 3931 3615 3984 vereor
3632 3967 3654 3998 ,
3718 3911 3810 3984 A.
3844 3909 3931 3984 A.
3954 3965 3977 3997 ,
4036 3931 4127 3982 ne
4174 3905 4369 3982 vobis

1317 4023 1534 4098 bilem
1602 4049 1918 4101 moveam
1937 4084 1959 4116 ,
2030 4028 2429 4104 miltissimis
2476 4028 2641 4104 viris
2702 4030 3046 4131 planeque
3102 4028 3653 4130 intelligentibus
3670 4086 3693 4118 ,
3741 4052 3855 4104 me
3902 4052 4045 4103 non
4091 4050 4363 4127 praeco-

1321 4167 1485 4218 nem
1551 4167 1702 4218 esse
1761 4163 2071 4221 errorum
2134 4157 2346 4247 atque
2407 4148 2730 4224 vitiorum
2753 4208 2774 4239 ‚
2842 4149 3101 4250 quibus
3118 4209 3140 4240 ,
3202 4149 3264 4226 si
3312 4174 3454 4226 non
3516 4173 3765 4250 parens
3820 4149 4126 4237 exstitit,
4184 4157 4367 4224 certe

1325 4263 1637 4340 multum
1685 4263 1858 4339 favit
1903 4266 2272 4365 superioris
2321 4268 2538 4344 seculi
2582 4268 2765 4346 finis.
2864 4269 2959 4344 Et
3010 4269 3259 4347 horum
3314 4271 3600 4372 quidem
3648 4271 3973 4346 vitiorum
4022 4278 4179 4345 tum
4226 4268 4367 4343 sin-

1322 4384 1474 4485 guli
1539 4383 1860 4461 homines
1925 4392 2084 4461 tum
2151 4395 2398 4494 gentes
2467 4389 2828 4466 universae
2899 4391 3338 4491 gravissimas
3412 4389 3759 4467 dederunt
3826 4415 4105 4491 poenas.
4226 4388 4369 4462 Sed

1320 4513 1684 4607 propterea
1745 4506 1898 4606 ipsa
1949 4506 2206 4584 indicia
2251 4508 2603 4610 negligere
2650 4511 2971 4610 ineptum
3010 4518 3138 4589 est.
3236 4512 3522 4588 Adsunt
3570 4512 3689 4588 illa
3736 4517 3845 4602 et,
3896 4509 4241 4611 quidquid
4290 4509 4367 4584 in

1323 4626 1412 4701 iis
1463 4627 1688 4702 bonae
1733 4625 1958 4728 frugis
2007 4635 2116 4703 est
2134 4687 2155 4718 ‚
2205 4630 2338 4706 hoc
2381 4629 2585 4706 nobis
2630 4655 2715 4708 ea
2761 4631 2915 4733 lege
2960 4631 3333 4710 fruendum
3373 4633 3774 4710 conceditur
3789 4691 3809 4724 ,
3858 4641 3940 4707 ut
3974 4657 4113 4708 usu
4142 4630 4371 4708 edocti

1323 4744 1509 4821 mala
1552 4744 1854 4821 vitemus
1895 4755 2066 4824 tunc
2111 4748 2312 4826 bonis
2359 4749 2603 4828 mixta.
2703 4751 2983 4832 Quodsi
3028 4753 3153 4852 qui
3194 4763 3429 4830 tamen
3470 4753 3639 4830 haec
3686 4760 4049 4854 tamquam
4089 4752 4367 4827 Danao-

1321 4885 1482 4939 rum
1544 4862 1730 4942 dona
1803 4866 2056 4943 timent
2074 4925 2096 4958 ,
2163 4869 2328 4946 laeti
2401 4871 2611 4949 velim
2678 4871 3155 4966 meminerint,
3230 4873 3365 4952 alia
3426 4873 3639 4950 etiam
3702 4871 4047 4974 permulta
4104 4870 4371 4948 radices
