4934 6184
1856 704 2419 776 ORATIO.
3520 711 3648 778 261

612 925 915 996 vestrum
963 916 1139 994 mihi
1196 915 1602 993 defuturum
1642 939 1779 993 non
1826 941 1979 992 esse
2018 939 2455 992 consensum.
2559 913 2835 992 Scilicet
2883 939 3112 1016 neque
3147 917 3359 994 huius
3379 919 3648 995 Acade·

608 1039 787 1114 miae
835 1039 1197 1114 alumnum
1246 1061 1359 1112 me
1406 1035 1611 1111 latuit
1650 1059 1879 1136 neque
1900 1043 2167 1136 ,postea
2219 1036 2480 1112 oblitus
2527 1061 2685 1112 sum
2741 1037 2870 1112 hac
2934 1061 3204 1137 semper
3248 1063 3368 1113 vos
3417 1047 3654 1114 mente

608 1158 823 1234 fuisse
872 1165 957 1233 ut
1004 1156 1465 1258 agnosceretis
1510 1181 1653 1231 non
1702 1162 1975 1232 tantum
2032 1181 2112 1230 ac
2165 1154 2660 1255 profiteremini
2705 1154 3018 1230 omnium
3079 1156 3334 1232 artium
3382 1181 3462 1232 ac
3513 1157 3652 1234 dis-

608 1278 1019 1378 ciplinarum
1084 1301 1451 1353 commune
1515 1277 1867 1352 vinculum
1886 1336 1907 1366 ,
1964 1301 2201 1352 verum
2256 1276 2469 1352 etiam
2528 1275 2706 1352 illud
2755 1276 2854 1351 ita
2915 1276 3226 1352 coleretis
3277 1285 3358 1352 ut
3407 1286 3658 1353 mutua

612 1399 1131 1499 disciplinarum
1194 1397 1589 1478 antistitum
1644 1397 2121 1474 benevolentia
2174 1421 2545 1472 commune
2611 1421 2850 1474 earum
2899 1397 3252 1473 vinculum
3304 1398 3504 1497 quasi
3551 1423 3656 1473 re-

609 1523 1094 1619 praesentaret.
1195 1519 1351 1592 Imo
1415 1518 1524 1593 vel
1590 1517 1791 1618 plura
1851 1525 2056 1606 sunt,
2074 1588 2093 1598 ,
2121 1541 2301 1616 quae
2353 1517 2441 1592 de
2499 1523 2722 1592 vestro
2779 1541 3122 1593 consensu
3177 1542 3290 1592 me
3340 1517 3659 1606 dubitare

466 1635 475 1642 ’
612 1647 880 1727 vetent,
930 1638 1071 1712 sive
1119 1646 1317 1738 grata
1362 1645 1597 1713 mente
1641 1639 1953 1714 recorder
1996 1638 2155 1736 quis
2204 1638 2586 1713 multorum
2637 1647 2943 1726 vestrum
2985 1639 3060 1712 in
3103 1663 3214 1714 me
3257 1638 3468 1712 fuerit
3511 1639 3657 1714 ani·

610 1783 769 1834 mus
788 1818 807 1848 ,
872 1783 1170 1858 quorum
1230 1758 1509 1859 egregia
1556 1758 1733 1834 mihi
1784 1757 1921 1833 frui
1972 1757 2241 1833 licuerit
2287 1758 2760 1849 institutione,
2815 1760 2957 1835 sive
3007 1759 3304 1858 cogitem
3363 1784 3541 1858 quae
3591 1767 3662 1833 et

612 1888 851 1978 postea
923 1878 1015 1954 ad
1078 1880 1265 1954 hunc
1329 1903 1551 1979 usque
1614 1879 1798 1954 diem
1862 1885 2087 1953 vestra
2156 1903 2319 1977 erga
2382 1903 2498 1952 me
2569 1879 2780 1954 fuerit
2839 1879 3236 1954 humanitas
3300 1879 3442 1952 imo
3503 1901 3666 1951 vero

612 1999 938 2076 amicitia.

710 2119 1059 2218 Equidem
1108 2125 1412 2194 vestrum
1469 2119 1782 2193 ordinem
1851 2118 2131 2192 intuens
2180 2116 2435 2191 multos
2457 2175 2477 2205 ,
2530 2117 2743 2205 eheu,
2806 2116 3120 2191 desidero
3186 2141 3362 2215 quos
3425 2119 3668 2214 gratus

614 2238 991 2340 diligebam
1056 2238 1438 2337 discipulus
1493 2237 2085 2313 aestimatissimos
2135 2243 2610 2335 praeceptores
2629 2296 2650 2326 ,
2717 2236 2952 2337 plures
3023 2243 3254 2311 tamen
3309 2259 3666 2335 superesse

614 2383 701 2432 ex
748 2359 969 2436 animi
1016 2358 1363 2431 sententia
1412 2359 1726 2456 gaudeo,
1756 2381 1875 2430 vos
1916 2357 2299 2454 imprimiS,
2345 2355 2469 2452 qui
2526 2356 2600 2429 in
2650 2357 2802 2454 ipsa
2844 2357 2973 2430 hac
3019 2355 3416 2454 disciplina,
3468 2355 3669 2429 cuius

615 2481 755 2552 iam
802 2487 873 2552 et
925 2501 1055 2576 ego
1100 2475 1475 2550 tradendae
1523 2485 1751 2574 partes
1795 2475 2169 2574 suscipiam
2188 2533 2207 2563 ,
2257 2475 2648 2548 studiorum
2685 2498 3000 2548 meorum
3047 2474 3258 2547 duces
3309 2473 3670 2548 exstitistis

616 2606 827 2696 atque
879 2595 1229 2672 auctores!
1334 2595 1608 2674 Quodsi
1664 2595 1803 2670 iam
1870 2595 2095 2670 socius
2142 2594 2421 2669 futurus
2473 2619 2631 2668 sum
2694 2593 2905 2667 vestri
2955 2591 3208 2668 laboris
3269 2617 3389 2666 vos
3437 2599 3670 2668 tamen

618 2719 829 2792 duces
902 2742 1051 2793 esse
1122 2715 1311 2791 haud
1376 2714 1745 2790 desinatis!
1869 2716 2069 2794 Quae
2126 2714 2262 2788 fuit
2310 2722 2535 2789 vestra
2591 2713 2664 2786 in
2723 2709 3145 2813 discipulum
3197 2711 3673 2787 benevolentia

568 2823 581 2836 ⁹
618 2861 773 2910 eam
821 2836 895 2909 in
940 2835 1201 2933 collega
1244 2833 1387 2909 iam
1432 2832 1812 2908 collocetis!
1914 2832 2097 2906 Mihi
2137 2840 2371 2908 autem
2435 2833 2682 2908 datum
2732 2832 2861 2924 sit,
2906 2841 3019 2921 ut,
3079 2840 3432 2932 quantum
3475 2831 3671 2906 vobis

620 2955 911 3030 debeam
932 3014 953 3044 ,
1001 2955 1137 3029 iam
1199 2954 1409 3028 rebus
1452 2953 1623 3054 ipsis
1680 2979 1760 3028 ac
1806 2952 2005 3027 factis
2051 2952 2339 3028 referam
2404 2960 2768 3052 vestraque
2819 2954 3108 3054 vestigia
3163 2977 3485 3053 premens
3503 3011 3524 3042 ,
3581 2953 3672 3028 ad

618 3075 806 3150 idem
853 3074 1209 3148 vobiscum
1257 3075 1541 3150 tendam
1590 3073 2063 3174 propositum!

717 3196 817 3268 Te
866 3220 1020 3270 vero
1060 3218 1271 3294 quam
1312 3195 1614 3269 maxime
1666 3195 1881 3268 laetor
1925 3193 2227 3296 collegae
2272 3192 2482 3268 etiam
2532 3193 2811 3268 nomine
2859 3194 3154 3269 salutare
3174 3253 3194 3285 ,
3244 3217 3454 3292 quem
3503 3194 3672 3268 alte-

619 3339 777 3388 rum
861 3321 1129 3414 patrem
1220 3313 1392 3388 mihi
1464 3314 1785 3389 adfinitas
1870 3313 2101 3403 dedit,
2181 3312 2307 3386 Vir
2377 3312 2485 3389 Ol.
2557 3336 2706 3387 vAN
2778 3314 3036 3388 HALL!
3177 3313 3428 3388 Laetor
3513 3313 3676 3388 tibi-

621 3457 757 3532 que
811 3434 1122 3532 gratulor
1176 3434 1263 3506 de
1308 3457 1593 3507 munere
1644 3433 1829 3508 hisce
1895 3433 2065 3530 ipsis
2131 3431 2381 3506 diebus
2448 3456 2572 3531 per
2630 3433 2852 3507 XXX
2909 3433 3050 3507 iam
3113 3457 3333 3508 annos
3391 3432 3678 3508 feliciter

624 3537 855 3653 gesto!
978 3552 1267 3628 Utinam
1336 3559 1409 3626 et
1476 3551 1650 3626 mihi
1720 3559 1915 3626 tanta
1988 3558 2111 3627 tua
2162 3559 2291 3626 'tot
2368 3577 2709 3628 annorum
2791 3552 3214 3652 experientia
3285 3555 3675 3628 succurras!

625 3675 813 3748 Illud
876 3698 1113 3773 precor
1174 3669 1391 3747 addas
1455 3672 1541 3746 iis
1606 3697 1785 3771 quae
1852 3671 2025 3744 mihi
2096 3672 2259 3744 dare
2316 3673 2509 3744 haud
2575 3672 2833 3746 desinis
2902 3697 3058 3744 vere
3103 3671 3374 3768 paterni
3425 3671 3678 3746 amoris

626 3793 1019 3888 indubitata
1084 3791 1519 3866 testimonia!
1645 3791 1992 3890 Equidem
2062 3797 2130 3864 te
2192 3812 2353 3864 cum
2416 3794 2612 3887 patre
2674 3812 2885 3887 quem
2945 3796 3193 3864 natura
3260 3789 3434 3862 mihi
3483 3787 3678 3862 dedit

629 3913 719 3987 ad
761 3938 1011 4014 rogum
1058 3937 1283 4014 usque
1332 3911 1575 3988 colam.
1792 3923 1799 3930 '

728 4153 873 4228 Vos
920 4154 1221 4252 denique
1264 4153 1601 4253 compello
1620 4211 1641 4242 ,
1681 4152 1977 4226 Iuvenes
2028 4149 2510 4240 ornatissimi,
2551 4173 2670 4224 vos
2707 4148 3006 4225 maxime
3026 4209 3046 4241 ,
3097 4149 3220 4249 qui
3263 4149 3432 4224 iuris
3472 4149 3674 4224 disci-

631 4274 858 4374 plinae
901 4298 1180 4374 operam
1228 4274 1533 4348 navatisl
1638 4272 1713 4347 Si
1768 4279 2003 4348 autem
2023 4331 2043 4363 ,
2094 4297 2317 4372 quum
2367 4269 2788 4348 Academiae
2831 4269 3194 4345 commoda
3237 4294 3350 4344 me
3405 4292 3676 4368 promo-

632 4404 870 4469 turum
906 4393 1284 4496 pollicerer,
1303 4401 1527 4468 vestra
1556 4392 1873 4492 inprimis
1906 4393 2269 4467 commoda
2306 4399 2744 4490 vestramque
2782 4391 3153 4465 utilitatem
3191 4413 3303 4464 me
3338 4389 3678 4488 cogitasse

635 4521 878 4614 sponte
930 4513 1275 4590 senseritis
1296 4572 1315 4602 ,
1370 4518 1595 4588 vestra
1646 4521 1877 4588 tamen
1924 4513 2134 4588 etiam
2192 4511 2551 4612 diligentia
2594 4535 2709 4584 me
2753 4510 3096 4585 confidere
3145 4510 3360 4610 probe
3409 4507 3677 4583 intelle-

636 4627 895 4708 xeritis.
995 4635 1414 4710 Persuasum
1464 4633 1658 4708 vobis
1711 4632 1801 4707 sit
1819 4691 1841 4722 ,
1885 4637 1968 4707 ut
2005 4631 2181 4707 mihi
2225 4655 2634 4732 persuasum
2677 4635 2823 4718 est,
2871 4630 3146 4704 nullum
3187 4629 3458 4705 felicem
3498 4629 3679 4704 Aca-

637 4752 943 4826 demicae
979 4751 1437 4826 institutionis
1474 4750 1797 4826 effectum
1838 4775 1986 4827 esse
2020 4776 2221 4851 posse
2262 4751 2409 4826 sine
2443 4756 2691 4826 mutua
2733 4749 3132 4825 docentium
3161 4758 3234 4826 et
3266 4749 3684 4826 discentium

637 4872 1113 4950 benevolentia
1165 4879 1377 4973 atque
1436 4871 1757 4950 amicitia.
1877 4870 1990 4945 Sic
2039 4879 2550 4973 praeceptorem
2595 4891 2734 4945 non
2791 4875 3070 4946 tantum
3129 4895 3370 4947 verum
3415 4869 3648 4946 studio
