4934 6184
1383 1253 1802 1364 ACTA
1902 1257 2057 1360 IN
2157 1255 2791 1364 SENATU

1753 1502 1861 1570 Μ’.
1915 1499 2376 1569 1855-1856.

977 1845 996 1858 .
1417 1731 1768 1808 anca-ome.
1817 1732 2184 1808 ΙΑοοΒο
2239 1753 2384 1805 m
2407 1729 2721 1832 fiALL.
2856 1705 2865 1716 '

1145 1874 1624 1950 Ganrmuuo
1671 1873 2120 1950 HENRICO
2168 1871 2621 1948 EGBERTO
2670 1869 3003 1944 VINKE.

1805 2239 2350 2259 m

553 2520 689 2597 Die
737 2525 832 2596 26
882 2547 977 2598 m.
1031 2521 1292 2598 Martii.
1394 2521 1652 2596 Rector
1693 2521 2118 2624 Magnificus
2159 2523 2549 2600 Hnmuous
2572 2523 2963 2598 anna'ros
2989 2476 3237 2594 Vultu
3260 2543 3304 2594 a
3332 2517 3597 2592 Senatu
3754 2589 3762 2596 .

894 2641 1349 2744 Amplissimo
1413 2641 1488 2716 in
1556 2629 1954 2718 cathedram
2017 2642 2272 2718 ductus
2292 2701 2314 2733 ‚
2385 2641 2627 2717 habita
2688 2639 3020 2716 Oratione
3066 2641 3151 2714 de
3210 2664 3373 2714 vera
3415 2639 3601 2738 fidei

911 2763 1344 2836 Christianae
1387 2764 1694 2848 notione,
1741 2763 1992 2835 nostris
2018 2762 2434 2859 praesertim
2484 2759 2888 2856 temporibus
2936 2757 3255 2830 memoria
3304 2756 3595 2830 tenenda

895 2885 966 2952 et
1014 2879 1090 2951 in
1141 2879 1424 2952 omnium
1487 2880 1734 2953 ommis
1779 2880 2264 2977 imprimenda,
2323 2877 2799 2976 enarratisque
2851 2874 3266 2952 Academiae
3315 2873 3479 2950 fatis
3524 2881 3597 2950 et

895 2997 1073 3072 lecto
1114 2996 1639 3096 Programmate
1680 2996 2074 3092 certaminis
2114 2997 2436 3086 literarii,
2484 3022 2529 3072 a
2556 2996 2851 3071 Rectore
2891 3003 2966 3071 et
3006 2995 3271 3072 Senatu
3294 2991 3594 3082 indicto,
3612 3011 3619 3014 ·

892 3115 1136 3190 datum
1197 3115 1334 3190 sibi
1391 3139 1854 3194 successorem
1895 3117 2275 3218 proclamat
2317 3124 2390 3192 et
2433 3117 2692 3193 salutat
2735 3115 2985 3247 Virum
3028 3115 3211 3192 Clar.
3257 3115 3597 3191 laconum

895 3255 1048 3308 vm
1096 3233 1344 3310 Ham..

995 3355 1292 3432 Senatus
1327 3293 1796 3457 ‘Graphiarius
1844 3357 2067 3434 lectus
2114 3364 2222 3434 est
2269 3355 2397 3433 Vir
2444 3359 2629 3438 Clar.
2682 3359 2781 3436 H.
2834 3361 2918 3434 E.
2971 3357 3239 3472 mee.

557 3595 691 3672 Die
759 3600 834 3673 ‘2
883 3619 978 3672 m.
1029 3594 1217 3672 Iulii.
1317 3595 1574 3674 Rector
1641 3619 1806 3673 cum
1879 3597 2144 3674 Senatu
2208 3600 2715 3690 communicat,
2779 3599 3025 3675 Virum
3070 3597 3253 3676 Clar.
3300 3597 3389 3672 A.
3448 3619 3597 3672 vm

897 3718 1359 3793 Goononvnn
1376 3775 1398 3806 ‚
1445 3716 1520 3792 in
1559 3716 1721 3793 Fac.
1767 3715 1949 3793 Phil.
2002 3717 2249 3791 Theor.
2293 3726 2366 3792 et
2408 3719 2549 3795 Lit.
2593 3718 2815 3795 Hum.
2859 3716 3325 3794 Professorem
3390 3714 3596 3788 Ordi-

894 3835 1170 3913 narium
1189 3895 1211 3927 ,
1282 3844 1566 3940 propter
1628 3844 1926 3912 aetatem
1989 3838 2588 3935 septuagenariam
2649 3862 2736 3914 ex
2792 3838 3115 3914 Decreto-
3144 3833 3371 3934 Regio
3424 3833 3597 3909 rude

829 4008 846 4024 .
903 3957 1242 4032 donatum
1287 3979 1462 4032 esse.

994 4077 1250 4152 Rector
1327 4074 1610 4152 nomine
1686 4077 1988 4154 Senatus
2061 4078 2320 4178 gratias
2403 4077 2552 4179 agit
2618 4077 2803 4154 Viris
2876 4075 3055 4152 Clar.
3131 4076 3453 4152 Bonum
3525 4082 3598 4150 et
3752 4113 3762 4120 -

901 4219 1000 4270 nn
1060 4197 1272 4272 Gnna
1293 4255 1316 4286 ,
1386 4196 1577 4295 quod
1594 4255 1616 4286 ,
1691 4206 1974 4274 vacante
2045 4199 2438 4276 Literarum
2515 4197 2978 4275 Orientalium
3042 4195 3366 4273 cathedra
3384 4254 3405 4284 ,
3472 4194 3598 4270 has

903 4315 1174 4392 Literas
1208 4316 1500 4394 docendi
1535 4341 1794 4393 munus
1837 4318 1910 4392 in
1955 4343 2028 4394 se
2071 4326 2563 4422 susceperunt,
2612 4320 2727 4396 ille
2774 4318 3128 4396 tradendis
3168 4317 3597 4393 Literaturae

842 4459 850 4468 ·
905 4437 1247 4512 Arabicae
1307 4444 1521 4536 atque
1581 4436 1898 4514 universe
1976 4442 2357 4516 orientalis
2412 4440 2631 4515 initiis
2647 4499 2668 4530 ,
2732 4440 2843 4516 hic
2891 4436 3312 4537 explicandis
3350 4432 3599 4509 Literis

901 4562 973 4629 et
1019 4555 1580 4655 Antiquitatibus
1628 4556 2014 4634 Hebraicis.

566 4793 700 4869 Die
801 4795 846 4869 8
896 4819 990 4870 m.
1042 4795 1490 4896 Septembris.
1593 4796 1890 4874 Senatus
1946 4798 2142 4898 luget
2187 4799 2460 4875 obitum
2510 4797 2660 4873 Viri
2706 4797 2887 4874 Clar.
2933 4797 3016 4873 P.
3058 4797 3119 4874 Ι.
3164 4797 3223 4871 Ι.
3268 4818 3364 4872 nn
3408 4797 3593 4872 Far.-

907 4937 1109 4991 nnat
1127 4973 1148 5007 ,
1197 4916 1270 4992 in
1315 4917 1475 4996 Fac.
1524 4917 1751 4998 Math.
1800 4926 1873 4996 et
1919 4917 2104 5032 Phil..
2149 4921 2316 4999 Nat.
2363 4917 2777 4996 Professoris
2826 4917 3385 4994 Extraordinarii.

3024 5043 3113 5115 15
