4934 6184
1758 675 2315 744 ORATIO.
3467 683 3552 750 59

519 889 740 964 mium
816 884 1190 988 reportavit
1209 944 1231 975 ‚
1298 883 1877 961 celebratissimae
1934 885 2103 960 huic
2155 884 2623 960 doctrinarum
2689 884 2958 960 scholae
3019 883 3200 960 bene
3253 912 3332 963 ac
3387 913 3550 988 pru-

518 1010 762 1084 denter
782 1066 801 1096 ,
858 1033 983 1109 pro
1034 1015 1225 1096 voto,
1276 1006 1631 1082 consulere
1679 1006 1997 1105 possitis!

613 1127 757 1203 Vos
822 1127 1075 1202 deinde
1130 1150 1351 1226 quum
1410 1125 1684 1200 intucor
1704 1184 1723 1214 ‚
1793 1125 1945 1199 Viri
2008 1125 2431 1201 Clarissimi!
2502 1125 2626 1224 qui
2667 1125 3119 1201 Academiam
3163 1127 3550 1226 Lugduno-

516 1250 851 1324 Batavam
921 1272 1061 1325 non
1134 1254 1415 1322 tantum
1461 1245 1686 1322 famae
1732 1247 2177 1346 pervulgatae
2230 1245 2592 1345 splendore
2612 1304 2632 1333 ‚
2685 1244 2809 1320 sed
2857 1251 2930 1319 et
2976 1244 3554 1345 exquisitissimae

517 1367 867 1442 doctrinae
942 1367 1097 1444 luce
1162 1365 1579 1441 collustratis
1624 1365 1973 1442 uberrima
1995 1425 2015 1454 ,
2080 1365 2313 1440 nescio
2336 1424 2357 1453 ,
2428 1387 2571 1464 quo
2634 1365 2898 1464 pudore
2963 1391 3044 1440 ac
3106 1368 3554 1444 verecundiae

524 1512 735 1564 sensu
808 1486 1184 1586 perfundar
1201 1545 1221 1575 ‚
1296 1510 1491 1560 meae
1554 1485 1811 1585 quippe
1878 1485 2367 1560 mediocritatis
2446 1485 2620 1560 mihi
2689 1484 3032 1560 conscius.
3149 1487 3582 1564 Octodecim‘

516 1608 661 1683 fere
706 1608 873 1683 anni
909 1606 1354 1706 praeterlapsi
1392 1614 1559 1680 sunt
1575 1663 1597 1694 ,
1646 1631 1733 1680 ex
1780 1631 1921 1706 quo
1938 1664 1958 1694 ,
2007 1613 2167 1704 post
2211 1611 2489 1705 peracta
2527 1604 2758 1679 studia
2805 1604 3224 1681 Academica
3239 1665 3262 1696 ,
3309 1609 3556 1682 vestris

512 1726 1005 1807 communibus
1076 1725 1456 1826 suffragiis,
1529 1723 1941 1824 Theologiae
2005 1725 2245 1800 doctor
2312 1724 2752 1800 renuntiatus
2824 1749 3023 1813 sum;
3089 1725 3214 1799 sed
3261 1726 3552 1802 Theolo-
3625 1719 3632 1726 ⁵

513 1848 702 1950 giam
764 1847 1041 1949 publice
1112 1845 1407 1922 docendi
1472 1846 1894 1946 provinciam
1955 1845 2329 1945 aliquando
2404 1845 2481 1918 in
2555 1867 2670 1918 me
2740 1843 3047 1920 delatum
3096 1845 3182 1920 iri
3203 1904 3224 1934 ,
3291 1843 3380 1920 he
3427 1872 3553 1946 per

514 1968 861 2044 somnium
922 1966 1210 2066 quidem
1264 1989 1577 2066 unquam
1634 1965 1950 2065 cogitavi.
2049 1966 2205 2042 Iam
2253 1972 2528 2065 praeter
2576 1988 2772 2062 spem
2829 1965 3552 2066 exspectationemque
3687 1971 3694 1978 ’

512 2109 739 2162 meam
764 2144 785 2174 ‚
856 2083 1047 2160 haud
1116 2090 1349 2161 tamen
1417 2082 1679 2159 invitus
1699 2141 1719 2172 ‚
1783 2084 2033 2158 Vestro
2102 2083 2455 2159 adscribor
2514 2083 2782 2172 ordini,
2840 2085 2914 2159 in
2982 2085 3550 2162 desideratissimi

512 2207 993 2280 Nrnaunnar
1011 2262 1032 2294 ,
1104 2204 1458 2304 quondam
1524 2203 2013 2280 commilitonis
2079 2204 2219 2279 mei
2236 2261 2257 2293 ,
2333 2202 2564 2280 locum
2635 2211 3013 2280 vacantem.
3133 2203 3356 2280 Cuius
3382 2191 3390 2200 ’
3419 2229 3552 2306 ego

512 2325 769 2401 summi
837 2324 990 2399 Viri
1063 2330 1358 2400 mortem
1428 2330 1937 2424 praematuram
2001 2349 2085 2399 eo
2157 2323 2382 2424 magis
2450 2348 2614 2399 cum
2681 2324 3009 2399 omnibus
3073 2324 3278 2400 bonis
3339 2333 3552 2425 atque

508 2443 859 2520 Ecclesiae
931 2443 1371 2519 Christianae
1436 2451 1851 2543 nostraeque
1916 2443 2333 2519 Academiae
2402 2441 2582 2518 bene
2654 2444 3098 2544 cupientibus
3171 2446 3548 2545 lugendam

510 2561 718 2654 duxi,
774 2589 915 2664 quo
960 2564 1234 2640 arctiori
1284 2589 1445 2640 cum
1498 2589 1581 2638 eo
1626 2563 1969 2640 amicitiae
2018 2563 2293 2638 vinculo
2311 2621 2331 2652 ‚
2383 2562 2704 2664 inprimis
2747 2571 3096 2663 postremo
3146 2564 3330 2640 vitae
3371 2572 3547 2640 tem-

514 2709 679 2782 pore
700 2742 720 2772 ,
786 2683 1071 2760 iunctus
1123 2683 1395 2760 fuerim.
1498 2682 1977 2783 Suspiciebam
2034 2685 2108 2759 in
2170 2709 2253 2759 eo
2301 2689 2658 2758 accuratae
2711 2684 3119 2760 eruditionis
3163 2685 3434 2784 copiam
3479 2693 3552 2760 et

512 2802 779 2902 ingenii
846 2803 1117 2879 subacti
1180 2827 1473 2879 acumen
1520 2809 1595 2878 et
1636 2803 2005 2878 amabilem
2048 2802 2239 2876 illam
2290 2802 2508 2877 animi
2557 2801 2969 2878 modestiam
3017 2828 3098 2878 ac
3140 2805 3508 2879 candorem
3531 2863 3551 2892 ‚

512 2948 655 3022 quo
707 2921 937 2997 bouus
1000 2946 1150 2997 esse
1202 2947 1413 3022 quam
1485 2922 1703 2997 videri
1749 2921 2053 2998 malebat
2074 2980 2093 3010 ‚
2140 2921 2393 3020 iisque.
2415 2920 2717 2996 maxime
2768 2921 3052 2997 dotibus
3103 2947 3178 2998 se
3221 2929 3292 2997 et
3335 2923 3554 2999 Vobis
3699 3017 3706 3022 ·

512 3044 613 3119 ita
685 3042 1193 3119 commendavit
1262 3049 1335 3116 et
1406 3042 1755 3118 studiosae
1822 3041 2207 3130 iuventuti,
2282 3048 2365 3115 ut
2426 3040 2654 3140 magis
2725 3041 3088 3141 magisque
3154 3042 3229 3116 in
3289 3042 3554 3118 deliciis

514 3162 891 3238 haberetur
950 3161 1039 3237 ab
1116 3160 1463 3238 omnibus.
1586 3161 1779 3236 Huic
1844 3160 2060 3261 igitur
2124 3161 2498 3236 succedens
2563 3159 2852 3258 eiusque
2913 3160 3218 3236 laborem
3240 3219 3260 3250 ‚
3327 3169 3548 3236 morte

518 3271 731 3358 eheu!
800 3282 1263 3381 interruptum
1288 3342 1307 3372 ,
1376 3283 1450 3357 in
1505 3307 1619 3358 me
1661 3281 2041 3381 suscipiens
2062 3334 2083 3373 ,
2142 3281 2439 3380 cogitate
2461 3339 2484 3370 ,
2547 3304 2806 3379 quaeso
2827 3339 2848 3370 ,
2900 3305 3043 3381 quo
3089 3281 3222 3356 sim
3269 3281 3502 3357 animo
3523 3341 3546 3372 ‚

511 3427 672 3477 cum
748 3425 952 3476 curae
1024 3425 1219 3476 meae
1290 3425 1370 3475 ac
1434 3400 1878 3475 sollicitudini
1944 3400 2285 3476 maximae
2348 3399 2629 3476 accedat
2696 3401 3084 3476 moestitiae
3155 3400 3548 3501 dolorisque

516 3545 781 3596 sensus.
884 3519 1067 3600 Quis
1126 3520 1411 3595 tandem
1464 3545 1597 3620 ego
1643 3545 1797 3595 sum
1819 3578 1839 3609 ‚
1911 3521 2035 3620 qui
2082 3520 2258 3596 tanti
2302 3518 2453 3594 Viri
2493 3519 2914 3596 desiderium
2962 3522 3217 3612 levem,
3270 3529 3341 3596 et
3389 3546 3544 3621 gra-

516 3642 877 3717 vissimum
901 3699 922 3729 ,
972 3641 1159 3740 quod
1204 3641 1353 3716 eius
1393 3641 1595 3716 obitu
1636 3641 1805 3716 haec
1845 3640 2221 3716 Academia
2243 3699 2263 3730 ‚
2314 3648 2385 3714 et
2431 3665 2590 3716 vero
2623 3640 2792 3741 ipsa
2834 3641 3258 3740 Theologiae
3279 3700 3300 3730 ‚
3348 3666 3543 3741 prae-

518 3761 755 3836 sertim
788 3761 1201 3860 Exegeticae
1224 3819 1244 3848 ‚
1294 3761 1657 3860 disciplina
1694 3762 2027 3835 damnum
2064 3761 2269 3851 tulit,
2319 3761 2836 3859 quodammodo
2863 3761 3105 3836 saltem
3132 3761 3490 3836 resarciam
3508 3762 3544 3833 P

517 3881 745 3980 Erigit
806 3906 964 3956 vero
1028 3887 1100 3954 et
1164 3888 1449 3975 recreat⁸
1485 3905 1597 3956 me
1660 3880 1947 3955 Vestrae
2018 3879 2472 3955 humanitatis
2521 3881 2897 3956 recordatio
2918 3939 2938 3968 ,
3000 3905 3144 3979 qua
3193 3881 3452 3954 scilicet
3503 3905 3546 3955 a

512 4023 627 4073 me
648 4058 668 4087 ‚
734 4001 1011 4076 doctore
1075 4001 1523 4076 inexercitato
1541 4059 1561 4089 ,
1626 4000 1817 4076 haud
1859 4001 2269 4100 exspectetis
2292 4059 2311 4090 ‚
2370 4025 2550 4100 quae
2593 4000 2710 4074 ille
2759 4007 3120 4099 praestare
3147 3998 3378 4099 potuit
3431 4007 3503 4074 et
3523 4059 3546 4088 ,

516 4142 939 4217 quamquam
1002 4146 1128 4220 per
1196 4121 1405 4196 nimis
1483 4122 1688 4196 breve
1757 4128 2036 4222 tempus
2056 4181 2075 4211 ‚
2148 4145 2381 4196 revera
2442 4118 2806 4220 praestitit.
2905 4121 3093 4221 Ergo
3165 4119 3310 4198 Vos
3369 4121 3543 4196 mihi

517 4238 891 4312 succurrite
913 4297 933 4326 ‚
999 4265 1173 4338 quos
1238 4241 1535 4341 collegas
1599 4241 2213 4318 aestumatissimos
2278 4265 2608 4319 venerans
2679 4240 2904 4315 saluto
2926 4299 2946 4328 ,
3009 4265 3260 4341 meque
3321 4242 3540 4316 Vobis

516 4357 815 4431 ducibus
876 4365 949 4432 et
1002 4359 1549 4437 admonitoribus
1612 4363 1719 4438 uti
1776 4362 1967 4438 haud
2019 4361 2437 4463 gravemini!
2515 4361 2695 4436 Sunt
2741 4361 2922 4436 inter
2972 4360 3118 4436 Vos
3136 4420 3155 4450 ‚
3221 4361 3344 4459 qui
3399 4361 3540 4434 dis-

510 4477 797 4577 ciplinas
864 4479 1315 4577 profiteantur
1338 4540 1357 4570 ‚
1430 4507 1726 4581 quarum
1774 4483 1992 4583 major
2034 4489 2182 4570 est,
2230 4507 2441 4582 quam
2489 4491 2868 4558 ceterarum
2888 4537 2908 4568 ‚
2959 4505 3120 4554 cum
3169 4480 3542 4579 Theologia

516 4598 873 4698 cognatio:
943 4598 1049 4673 his
1100 4623 1215 4674 me
1262 4626 1474 4698 quam
1520 4603 1819 4678 maxime
1864 4602 2427 4677 commendatum
2481 4615 2632 4675 esse
2677 4599 2921 4687 velim,
2971 4606 3052 4673 ut
3103 4621 3342 4672 omnes
3390 4608 3542 4674 ten-

515 4717 765 4792 damus
832 4715 919 4790 ad
989 4715 1197 4792 idem.
1302 4719 1443 4792 Sed
1500 4726 1791 4793 cunctae
1836 4719 2018 4793 inter
2067 4744 2141 4810 se
2190 4719 2576 4794 arctissimo
2626 4719 2992 4794 cohaerent
3039 4716 3312 4794 vinculo
3359 4727 3546 4794 artes

512 4834 999 4936 doctrinaeque
1060 4836 1373 4915 liberales
1394 4897 1415 4930 ,
1486 4845 1559 4912 et
1620 4837 1760 4914 iam
1818 4847 2248 4940 compertum
2306 4825 2618 4929 hahetis,
2689 4863 2802 4914 me
2819 4897 2842 4928 ,
2907 4838 3022 4912 cui
3067 4837 3286 4914 futuri
3331 4838 3542 4915 infor-

2961 4960 3007 5032 8
3024 4958 3066 5004 ἦ

2286 5152 2317 5191 N
