4934 6184
1329 673 1459 738 248
2291 663 2481 732 VAN
2544 659 3007 730 BONEVAL
3065 659 3392 728 FAURE

1326 879 1518 954 driae
1578 872 1962 975 praesidem
1977 929 1997 962 ,
2059 871 2294 970 ipsum
2357 865 2903 944 Introductionis
2970 865 3345 943 Grotianae
3392 866 3677 942 doctum
3728 871 4339 945 commentatorem
4358 928 4379 956 ,

1329 1001 1516 1076 Gm..
1585 995 1973 1079 Scirona,
2035 990 2160 1092 qui
2217 990 2292 1064 in
2353 988 2727 1090 opusculo:
2795 991 2881 1070 de
2938 989 3235 1064 absurda
3286 988 3859 1086 inv-iaprudentiae
3898 989 4179 1085 patriae
4226 1012 4374 1062 eon-

1328 1118 1584 1191 ditione
1600 1171 1621 1201 ,
1670 1136 1811 1187 non
1873 1119 2150 1188 tantum
2210 1109 2487 1210 legibus
2541 1107 2781 1208 patriis
2822 1114 3381 1208 statutorumque
3428 1107 3732 1182 locorum
3786 1105 4105 1182 discolori
4154 1107 4370 1184 diver-

1329 1233 1534 1309 sitate
1551 1291 1571 1320 ,
1625 1255 1862 1308 verum
1909 1229 2252 1332 imprimis
2289 1229 2499 1306 etiam
2547 1238 2823 1330 recepto
2866 1227 3014 1304 iure
3057 1229 3375 1304 Romano
3416 1251 3624 1302 omne
3670 1226 3781 1301 ius
3819 1225 4019 1302 civile
4064 1226 4163 1302 ita
4208 1253 4363 1304 con-

1327 1355 1561 1428 fusum
1625 1359 1836 1452 atque
1897 1351 2259 1427 turbatum
2327 1347 2685 1450 perhibet,
2756 1357 2837 1423 ut
2898 1347 3039 1423 fere
3108 1372 3193 1423 ex
3260 1373 3453 1423 mero
3508 1346 3793 1424 arbitrio
3854 1354 3926 1422 et
3990 1349 4369 1426 secundum

1331 1473 1646 1573 quinque
1717 1496 1964 1548 sensus
2035 1471 2145 1547 vel
2221 1501 2257 1540 n
2278 1457 2767 1545 cerebrinam³³
2834 1468 3257 1566 aequitatem
3319 1469 3475 1544 lites
3542 1468 3907 1544 diiudicari
3958 1492 4173 1568 quam
4224 1471 4371 1546 istis

1331 1592 1606 1696 legibus
1672 1593 1784 1667 ius
1847 1591 2184 1668 contineri
2241 1589 2633 1691 praeferret.
2743 1587 2908 1664 Non
2968 1587 3177 1664 modo
3242 1587 3333 1663 ab
3396 1589 3733 1687 imperitis
3782 1588 3907 1664 sed
3960 1613 4049 1665 ne
4094 1615 4137 1665 a
4182 1591 4371 1667 Iure·

1331 1712 1666 1790 consultis
1733 1711 2018 1811 quidem
2083 1713 2158 1787 in
2227 1711 2364 1786 isto
2425 1709 2599 1784 iuris
2670 1709 3063 1808 labyrintho
3076 1766 3097 1798 ,
3170 1708 3233 1783 si
3292 1709 3403 1784 vel
3450 1709 3751 1784 maxime
3796 1708 4031 1784 aditus
4076 1719 4371 1811 pateret,

1331 1835 1530 1909 filum
1590 1832 1884 1906 inveniri
1931 1857 2133 1933 posse
2193 1817 2593 1918 videbatur3
2638 1853 2967 1929 germana
3014 1835 3251 1904 autem
3299 1827 3469 1902 iuris
3518 1828 3804 1904 scientia
3848 1828 3921 1904 in
3966 1837 4161 1906 tanta
4208 1832 4370 1908 late·

1333 1953 1456 2034 bat
1521 1947 2170 2027 commentariorum
2234 1949 2438 2050 copia.
2498 1957 2580 2024 ut
2640 1949 2987 2024 nefastum
3047 1949 3121 2023 in
3186 1948 3459 2024 iudiciis
3512 1949 3915 2024 invaluisset
3959 1952 4371 2054 principium

1341 2103 1378 2142 n
1398 2071 1928 2149 auctoritatibus
1975 2071 2198 2170 magis
2237 2094 2450 2170 quam
2500 2067 2776 2168 legibus
2822 2069 2979 2145 lites
3032 2068 3465 2145 diiudicari.'’

1431 2194 1682 2292 Itaque
1736 2217 1876 2266 non
1923 2191 2118 2268 aliud
2174 2215 2316 2291 quo
2367 2189 2551 2265 tristi
2597 2188 2761 2266 huic
2806 2213 3037 2265 rerum
3084 2189 3465 2265 conditioni
3512 2189 3901 2264 mederetur
3948 2192 4185 2268 efficax
4232 2193 4369 2292 ipsi

1337 2313 1703 2388 videbatur
1751 2313 2169 2403 remedium,
2217 2337 2428 2412 quam
2484 2310 2547 2386 si
2590 2310 2699 2386 vel
2748 2334 2934 2385 unus
2982 2308 3311 2384 omnibus
3368 2309 3735 2408 provinciis
3780 2313 4159 2388 communis
4202 2337 4364 2388 con-

1337 2433 1620 2510 deretur
1667 2431 1884 2508 codex
1903 2491 1924 2522 ,
1975 2433 2084 2508 vel
2139 2433 2199 2508 si
2253 2433 2382 2508 hoc
2426 2455 2567 2506 non
2612 2430 2819 2506 ferret
2864 2429 3141 2530 politica
3182 2427 3601 2528 reipublicae
3640 2430 4041 2505 constitutio
4060 2490 4081 2520 ‚
4134 2431 4367 2532 singu-

1335 2553 1558 2628 larum
1609 2553 1852 2628 saltem
1898 2553 2402 2651 provinciarum
2453 2551 2643 2651 leges
2682 2551 2755 2626 in
2802 2549 3055 2626 codicis
3098 2549 3415 2625 ordinem
3456 2549 3954 2650 redigerentur.

1431 2671 1746 2747 Multum
1811 2671 2096 2772 quidem
2147 2671 2374 2748 abfuit
2421 2679 2505 2746 ut
2548 2669 2863 2746 omnium
2910 2669 3011 2745 sic
3068 2667 3276 2744 ferret
3328 2668 3655 2769 suffragia
3716 2669 3819 2744 vir
3868 2669 4333 2771 amplissimus
4352 2731 4371 2760 ,

1331 2792 1477 2868 imo
1523 2792 1810 2867 fuerunt
1858 2793 1982 2892 qui
2025 2791 2607 2892 iurisprudentiae
2649 2791 2911 2892 patriae
2960 2789 3289 2864 honorem
3334 2789 3582 2866 acriter
3624 2789 3715 2866 ab
3760 2789 3915 2866 eius
3956 2791 4371 2867 criminatio·

1329 2910 1544 2986 nibus
1593 2913 1854 3012 quippe
1915 2921 2188 3013 praeter
2239 2911 2527 2988 modum
2588 2911 2952 2986 saevientis
2975 2969 2995 2998 ,
3060 2909 3406 2986 vindicare
3464 2917 3898 2986 conarentur.
3998 2911 4101 2986 At
4142 2913 4373 3012 paucis

1329 3031 1532 3106 annis
1579 3040 1778 3131 post,
1821 3031 1913 3107 de
1957 3033 2202 3108 eodem
2241 3039 2653 3133 argumento
2696 3033 2992 3132 coyitata
3038 3031 3359 3132 exposuit
3398 3029 3659 3130 insigni
3702 3031 3909 3130 patrii
3952 3031 4167 3108 etiam
4209 3032 4375 3108 iuris

1331 3151 1619 3227 scientia
1682 3153 2098 3253 conspicuus
2159 3154 2394 3229 Lana.
2461 3153 2689 3230 Pnru..
2762 3173 2910 3227 vau
2980 3175 3078 3228 nn
3148 3151 3503 3241 Sernota,
3551 3151 3677 3251 qui
3726 3151 4045 3252 quamvis
4098 3154 4373 3228 suavius
4432 3207 4435 3210 -

1327 3271 1404 3345 in
1455 3272 1686 3348 verbis
1705 3332 1726 3362 ‚
1777 3297 1918 3348 non
1963 3275 2200 3349 minus
2237 3273 2507 3350 fortiter
2546 3274 2619 3349 in
2666 3297 2741 3348 re
2763 3330 2786 3363 ,
2835 3273 3027 3348 haud
3082 3272 3382 3374 amplius
3422 3271 3779 3350 ferendam
3836 3274 4047 3350 tantis
4104 3299 4187 3349 ac
4228 3281 4371 3349 tam

1329 3389 1622 3465 diversis
1690 3393 1864 3466 iuris
1927 3392 2240 3468 fontibus
2300 3393 2667 3470 confusam
2732 3393 3224 3493 turbatamque
3282 3392 3456 3468 iun's
3512 3393 3967 3468 conditionem
4024 3393 4367 3482 ostendit,

1329 3531 1462 3584 nec
1523 3508 1660 3584 nisi
1720 3509 1816 3584 ab
1851 3493 2018 3584 'uno
2061 3519 2134 3584 et
2183 3512 2541 3586 communi
2590 3512 2907 3591 omnium
2956 3513 3461 3612 provinciarum
3508 3513 3735 3614 legum
3784 3513 4085 3588 civilium
4126 3495 4363 3590 codice

1331 3629 1628 3704 salutem
1675 3629 2214 3729 exspectandam
2259 3655 2412 3707 esse
2453 3632 2727 3708 censuit
2744 3691 2765 3722 ,
2808 3657 2953 3732 quo
2998 3633 3207 3708 simul
3222 3692 3243 3720 ,
3281 3631 3735 3710 inextricabili
3768 3639 4187 3708 statutorum
4224 3633 4365 3710 col-

1329 3748 1577 3824 lisione
1625 3747 1902 3826 sublata
1921 3807 1942 3838 ‚
1989 3751 2100 3826 ius
2147 3751 2430 3827 demum
2482 3759 2734 3828 certum
2780 3751 3215 3830 conderetur.

1429 3870 1636 3949 Quae
1699 3894 1922 3970 quum
1994 3870 2104 3946 vel
2165 3869 2314 3946 XX
2373 3896 2595 3948 annos
2656 3872 3003 3971 scripserit
3064 3879 3437 3972 antequam
3512 3874 3624 3949 lex
3676 3873 3769 3950 de
3818 3873 4107 3974 imperio
4150 3897 4369 3949 unum

1331 4013 1412 4064 ac
1461 4011 1905 4064 communem
1953 3990 2260 4066 codicem
2282 4051 2303 4081 ‚
2350 3992 2609 4069 iunctis
2646 3993 2789 4070 iam
2832 3992 2907 4070 in
2954 4018 3169 4070 unam
3214 4003 3425 4094 atque
3466 3993 3835 4072 indivisam
3874 3994 4367 4095 rempublicam

1329 4107 1704 4207 provinciis
1721 4165 1742 4196 ‚
1781 4109 1989 4184 condi
2039 4110 2314 4187 iuberet
2327 4171 2348 4201 ,
2402 4113 2637 4214 ipsum
2684 4114 2861 4191 illud
2924 4115 3097 4191 iuris
3154 4113 3325 4190 certi
3371 4113 3793 4192 desiderium
3827 4115 4011 4214 quin
4050 4114 4367 4215 primaria

1329 4227 1650 4303 codicum
1699 4226 2010 4304 civilium
2053 4230 2263 4307 fuerit
2303 4257 2517 4308 causa
2534 4293 2557 4322 ,
2601 4234 2715 4310 vix
2766 4235 3067 4312 dubium
3110 4261 3259 4310 esse
3306 4243 3555 4334 potest.

1433 4348 1718 4428 Quodsi
1783 4349 1926 4425 iam
1993 4359 2227 4427 statuo
2243 4410 2264 4440 ‚
2321 4354 2593 4429 codices
2640 4354 2873 4430 civiles
2942 4379 3082 4430 non
3132 4354 3467 4430 adtulisse
3514 4355 3913 4446 commoda,
3958 4379 4140 4456 quae
4190 4355 4365 4430 desi·

1327 4468 1721 4544 deraverint
1777 4469 2098 4546 codicum
2160 4473 2681 4550 condendorum
2726 4476 3029 4575 patroni,
3089 4499 3178 4550 ne
3200 4535 3223 4566 ‚
3266 4500 3527 4574 quaeso
3542 4535 3565 4566 ‚
3615 4476 3745 4552 hoc
3802 4499 4037 4550 meum
4080 4475 4363 4550 effatum

1329 4590 1434 4665 sic
1481 4590 1866 4690 accipiatis,
1915 4591 2120 4692 quasi
2173 4595 2288 4671 ina
2335 4605 2607 4672 certum
2666 4597 2937 4674 codices
2984 4621 3125 4672 non
3172 4596 3613 4674 constituisse
3660 4595 4005 4672 statuam!
4102 4594 4361 4669 Verum

1327 4710 1518 4785 enim
1561 4735 1722 4788 vero
1735 4771 1758 4800 ‚
1799 4713 1956 4790 ΑΛ.
1974 4773 1995 4803 ,
2015 4716 2200 4791 varie
2239 4717 2416 4792 illud
2453 4721 2567 4793 ius
2604 4727 2857 4794 certum
2894 4717 3325 4818 intelligitur.
3394 4717 3569 4792 Tota
3602 4725 3839 4793 autem
3874 4715 4187 4815 quaestio
4224 4714 4357 4788 huc

1329 4826 1546 4914 redit,
1593 4829 1800 4926 quale
1851 4839 1922 4906 et
1969 4857 2111 4931 quo
2154 4835 2364 4912 modo
2415 4836 2594 4914 illud
2642 4836 2997 4914 codicibus
3044 4835 3249 4914 condi
3294 4843 3673 4914 censeatur.
