4934 6184
1763 697 2317 767 ORATIO.
3477 701 3561 770 25

530 904 643 980 Ita
686 905 912 981 omnis
952 905 1100 979 dies
1147 928 1359 1004 quam
1400 889 1577 979 nihil
1617 904 1835 980 simus
1881 905 2205 979 ostendit.
2245 905 2253 911 ’
2323 906 2564 983 Quam
2615 928 2774 980 vero
2831 905 3101 980 cladem
3152 904 3560 982 sustinuerit

530 1032 763 1100 noster
824 1025 1015 1099 Ordo
1035 1083 1054 1113 ,
1111 1049 1250 1099 non
1307 1031 1413 1099 est
1467 1030 1550 1098 ut
1609 1025 1683 1098 in
1743 1030 2039 1098 vestram
2090 1024 2495 1099 memoriam
2513 1082 2532 1114 ‚
2582 1025 2669 1099 A.
2717 1023 2819 1100 H.
2841 1084 2861 1114 ,
2912 1047 3245 1100 revocem.
3349 1026 3557 1101 Scitis

531 1169 809 1234 omnes,
857 1167 999 1242 quo
1047 1142 1279 1218 subito
1327 1143 1470 1218 fato
1520 1143 1951 1219 amiserimus
1994 1144 2476 1219 Clarissimum
2516 1145 2918 1220 Aurounm
2958 1146 3516 1222 Nmmmumr
3538 1205 3560 1237 ‚

530 1271 899 1362 postquam
938 1262 1053 1336 vix
1073 1321 1093 1352 ‚
1144 1272 1215 1336 et
1254 1287 1345 1336 ne
1388 1262 1503 1336 vix
1545 1262 1829 1363 quidem
1848 1320 1869 1350 ,
1918 1263 2094 1337 duos
2143 1286 2360 1336 annos
2402 1263 2968 1340 desideratissimi
3012 1264 3338 1338 Oonmn
3369 1264 3562 1364 apud

530 1406 659 1458 nos
700 1382 930 1457 locum
988 1380 1475 1480 occupavisset.
1576 1383 1689 1456 De
1736 1406 1877 1481 quo
1923 1391 2160 1458 autem
2213 1383 2560 1480 quomodo
2620 1385 2786 1458 satis
2834 1383 3284 1483 probabiliter
3331 1409 3562 1460 coram

532 1501 727 1576 vobis
770 1500 997 1576 dicam
1017 1557 1041 1589 ,
1104 1500 1358 1574 nescio,
1460 1501 1739 1576 Rectori
1783 1501 1969 1575 enim
2016 1501 2396 1600 Magnifice
2451 1525 2711 1576 munus
2757 1503 3131 1602 deponenti
3181 1502 3351 1578 haec
3369 1562 3392 1592 ,
3435 1527 3561 1603 per

529 1621 755 1719 ipsam
802 1643 943 1718 qua
988 1619 1219 1694 adhuc
1262 1619 1557 1694 vivimus
1604 1619 1827 1716 legem
1853 1677 1873 1707 ,
1924 1619 2273 1717 provincia
2316 1618 2648 1698 mandata
2687 1626 2794 1693 est
2811 1677 2832 1706 ,
2885 1617 3194 1694 defuncti
3237 1619 3560 1720 Collegae

532 1738 744 1812 vitam
788 1761 1099 1812 enarrare
1117 1796 1138 1826 ,
1176 1738 1422 1812 merita
1456 1761 1793 1836 exponere
1824 1738 1944 1830 ⁷⁰).
2014 1736 2212 1816 Quid
2250 1745 2486 1813 autem
2509 1760 2638 1837 ego
2658 1795 2680 1826 ,
2716 1739 2838 1836 qui
2860 1737 2934 1812 in
2961 1739 3211 1814 studiis
3249 1738 3562 1833 habitem

532 1858 739 1956 longe
801 1857 1084 1933 diversis
1100 1915 1121 1945 ,
1188 1857 1397 1932 huius
1461 1856 1911 1935 eruditissimi
1982 1857 2315 1956 Theologi
2374 1857 2618 1931 laudes
2674 1855 3016 1932 celebrare
3083 1857 3363 1932 meritas
3413 1858 3570 1932 sine.

529 1963 917 2065 temeritate
971 1976 1286 2074 possim?
1354 1977 1544 2050 Cum
1586 1976 1794 2052 etiam
1838 1974 2295 2051 recordamini
2336 2000 2516 2074 quae
2564 1977 2706 2052 iam
2747 1977 3062 2052 certatim
3112 1975 3560 2052 disertissime

528 2118 749 2194 eoque
807 2095 1141 2194 perdigne
1202 2096 1278 2169 in
1347 2094 1497 2170 eius
1557 2095 1894 2170 honorem
1942 2095 2268 2170 dixerunt
2312 2095 2814 2194 scripseruntve
2871 2095 3171 2195 collegae
3232 2095 3560 2170 amantis-

530 2215 689 2289 simi
740 2214 1048 2291 K1srrus
1102 2221 1175 2288 et
1221 2215 1738 2303 Senon-rimus,
1807 2221 1962 2288 tum
2013 2221 2082 2289 et
2131 2215 2780 2303 Dassssnnusms,
2845 2216 3191 2305 Samus,
3261 2214 3380 2289 alii
3436 2215 3560 2309 71).

530 2333 808 2412 Quidve
848 2333 1089 2409 multis
1137 2333 1348 2408 vitam
1390 2358 1731 2433 exponam
1772 2334 2112 2433 placidam
2132 2392 2153 2422 ,
2205 2334 2514 2433 quietam
2531 2393 2552 2423 ,
2605 2334 3196 2410 vicissitudinibus
3234 2357 3520 2410 vacuam
3537 2393 3558 2423 ,

527 2453 601 2528 in
668 2453 1057 2528 studiorum
1118 2460 1190 2528 et
1232 2454 1540 2529 muneris
1589 2453 2029 2530 ecclesiastici
2082 2461 2441 2552 tamquam
2489 2477 2766 2529 recessu
2817 2455 2908 2529 ad
2954 2453 3563 2554 quadragesimum

526 2573 744 2648 ferme
783 2597 1046 2648 annum
1096 2572 1406 2648 abditam
1421 2632 1442 2663 ,
1493 2573 1711 2648 donec
1751 2574 1825 2648 in
1869 2575 2047 2648 hanc
2086 2573 2578 2649 Universitatis
2623 2573 2849 2648 lucem
2871 2631 2892 2663 ,
2942 2596 3099 2674 sero⁴
3139 2598 3264 2674 pro
3301 2571 3564 2651 meritis

526 2691 669 2767 fere
737 2691 1025 2767 dixerim
1048 2751 1067 2780 ,
1136 2695 1577 2767 evocaretur?
1658 2693 1818 2768 Hoc
1874 2693 2041 2767 satis
2108 2701 2277 2767 esto.
2380 2695 2920 2769 Nmmmmuus
2970 2700 3207 2768 noster
3223 2752 3244 2782 ‚
3311 2693 3564 2768 humili

528 2811 677 2884 loco
704 2817 930 2898 ortus,
955 2811 1205 2885 humili
1230 2813 1379 2884 loco
1397 2812 1703 2910 primum
1734 2811 2121 2883 destinatus
2140 2866 2161 2896 ,
2188 2811 2327 2906 {sed
2347 2835 2516 2884 casu
2539 2811 2822 2884 fortuito
2837 2869 2858 2899 ,
2887 2812 3290 2886 moderante
3308 2812 3565 2886 Divina
3653 2889 3662 2896 ,

527 2927 1002 3014 Providentia,
1047 2927 1391 3001 adductus
1418 2936 1499 3002 ut
1522 2928 1597 3002 in
1622 2926 1873 3002 studiis
1890 2986 1909 3014 ,
1943 2927 2018 3001 in
2040 2927 2289 3002 litteris
2307 2984 2328 3016 ,
2359 2927 2433 3002 in
2460 2927 2808 3027 theologia
2831 2928 3356 3004 tabernaculum
3379 2929 3560 3004 vitae

529 3053 847 3146 poneret,
897 3069 1059 3120 cum
1102 3046 1177 3119 in
1229 3047 1357 3121 hac
1407 3046 1786 3123 Academia
1838 3044 2219 3144 disciplinis
2264 3070 2544 3144 operam
2581 3045 2814 3134 daret,
2855 3046 3444 3122 commilitonibus
3492 3055 3564 3123 et

530 3165 639 3240 vel
692 3164 1251 3264 praeceptoribus
1296 3190 1515 3264 paene
1566 3166 1845 3241 latitans
1862 3223 1883 3254 ,
1926 3173 2085 3264 post
2128 3165 2203 3238 in
2250 3165 2787 3240 remotissimum
2833 3189 3095 3265 pagum
3134 3190 3260 3265 per
3305 3166 3564 3241 multos
3687 3247 3714 3260 ⁸

529 3307 748 3360 annos
813 3285 1014 3383 quasi
1068 3285 1414 3383 relegatus
1432 3343 1453 3374 ,
1521 3285 1867 3360 oblivione
1936 3284 2283 3360 obductus
2305 3343 2326 3373 ,
2374 3309 2537 3360 cum
2587 3283 2872 3361 adversa
2917 3310 3120 3385 saepe
3172 3285 3564 3362 valetudine

528 3404 929 3479 conflictans
945 3462 966 3493 ,
1029 3410 1102 3478 at
1152 3403 1475 3479 obnitens
1538 3403 1854 3480 fortunae
1877 3463 1898 3494 ,
1954 3405 2255 3504 corporis
2319 3404 2706 3480 infirmitati
2722 3463 2745 3495 ,
2816 3404 3179 3496 oblivioni,
3227 3406 3526 3507 impiger
3542 3465 3563 3495 ,

532 3523 816 3598 sedulus
834 3581 856 3613 ‚
925 3523 1313 3599 indefessus
1331 3582 1353 3613 ,
1428 3523 1775 3614 ostendit,
1852 3523 1979 3623 qui
2046 3523 2241 3598 labor
2304 3523 2666 3623 improbus
2738 3524 2972 3600 omnia
3033 3525 3283 3602 vincat.
3386 3526 3566 3601 Octo
3581 3583 3600 3596 .

528 3642 783 3718 abhinc
830 3643 1027 3716 annis
1067 3643 1369 3740 primum
1422 3643 1641 3717 eluxit
1680 3668 1766 3719 ex
1813 3642 1966 3742 hac]
1986 3643 2358 3719 solitudine
2403 3641 2748 3741 stupenda
2792 3642 2914 3717 illa
2957 3643 3084 3718 viri
3131 3645 3204 3720 S.
3257 3643 3564 3744 Scriptu-

530 3785 647 3836 rae
712 3761 959 3836 notitia
977 3818 999 3850 ‚
1070 3786 1212 3859 qua
1266 3768 1551 3861 repente
1608 3762 1877 3860 primus
1923 3763 2106 3836 inter
2154 3784 2397 3836 omnes
2437 3762 2752 3837 omnium
2797 3763 3174 3860 peritorum
3226 3788 3567 3840 consensu

534 3881 724 3976 apud
764 3905 893 3956 nos
932 3881 1201 3956 exstitit
1244 3888 1531 3981 exegeta
1558 3883 1681 3975 73).
1750 3881 2027 3958 Deinde
2049 3881 2315 3956 nescias
2338 3939 2359 3969 ,
2384 3881 2697 3979 magisne
2732 3880 3138 3956 ‘admiranda
3162 3882 3254 3956 sit
3280 3882 3564 3981 scripto-

534 4021 695 4073 rum
748 3999 837 4074 ab
883 4025 965 4075 eo
1002 4001 1348 4076 editorum
1392 4000 1721 4076 continua
1762 4008 1837 4075 et
1868 4001 2211 4077 immensa
2252 4000 2460 4075 series
2504 4024 2592 4073 an
2633 4023 2792 4073 vero
2824 3999 2898 4073 in
2943 3999 3234 4102 singulis
3273 4025 3564 4076 acumen

536 4116 801 4215 ingenii
875 4125 947 4192 et
1006 4120 1303 4194 eruditio
1374 4119 1905 4197 accuratissima.
2004 4123 2101 4195 Et
2164 4143 2351 4194 nunc
2408 4118 2684 4194 virtutis
2741 4119 3047 4219 praemia
3108 4120 3418 4219 undique
3485 4120 3564 4194 in

538 4259 699 4308 eum
752 4235 1041 4310 conferri
1056 4270 1077 4326 ;
1128 4238 1371 4313 doctae
1413 4233 1811 4316 Societates'
1835 4239 2103 4314 socium
2144 4246 2461 4338 cooptare
2481 4271 2518 4333 3,
2553 4239 2850 4314 Senatus
2897 4238 3107 4314 huius
3149 4239 3564 4316 Academiae

536 4352 816 4429 honoris
860 4377 1069 4429 causa
1110 4357 1523 4458 Theologiae
1568 4362 1942 4436 Doctorem
1993 4385 2255 4449 creare3
2318 4383 2484 4436 cum
2527 4358 2644 4434 alii
2660 4417 2682 4448 ,
2745 4368 2901 4434 tum
2947 4357 3568 4434 Roterodamenses

538 4497 705 4549 eum
766 4471 901 4546 sibi
963 4473 1327 4551 Sacrorum
1375 4477 1784 4554 Antistitem
1840 4480 2093 4556 habere
2140 4481 2350 4568 velle;
2412 4479 2831 4554 Academiae
2878 4486 3151 4554 nostrae
3200 4479 3568 4551 Curatores

541 4593 831 4668 suadere
849 4651 870 4681 ,
932 4601 1015 4667 ut
1076 4593 1417 4671 Ooanrm
1484 4597 1849 4672 demortuo
1914 4591 2381 4683 sufficeretur.
2442 4595 2626 4693 Regi
2665 4596 2932 4692 placere
2952 4652 2972 4681 ,
3032 4594 3196 4668 huic
3240 4600 3399 4668 voto
3441 4593 3564 4669 ob-

541 4711 929 4810 temperari.
1026 4714 1269 4790 Altero
1334 4715 1587 4792 abhinc
1641 4739 1825 4790 anno
1888 4716 1980 4791 ad
2046 4739 2179 4790 nos
2242 4712 2566 4800 advenit,
2633 4711 2745 4786 die
2796 4715 2890 4787 28
2940 4736 3034 4787 m.
3089 4711 3268 4788 Maii
3308 4737 3566 4790 munus

540 4829 952 4906 Professoris
1015 4833 1365 4911 Ordinarii
1406 4835 1481 4912 in
1526 4833 1888 4912 Facultate
1934 4833 2347 4935 Theologica
2392 4829 2789 4933 auspicatus
2838 4831 3204 4910 Oratione:
3257 4835 3342 4910 de
3397 4835 3565 4911 Thea

3039 4957 3088 5026 4
