4934 6184
1729 658 2020 724 ORDO
2090 658 2744 726 LECTIONUM.

922 863 1471 942 Provectioribus
1518 887 1676 939 vero
1716 865 2072 965 discipulis
2108 867 2292 942 varia
2332 873 2942 942 monumentorum
2963 866 3318 942 Hebraeo-

1014 1011 1175 1060 rum
1212 983 1619 1084 specimina,
1654 1009 1729 1058 se
1762 985 1938 1060 duce
1954 1043 1975 1072 ,
2016 986 2371 1061 tractanda
2406 984 2766 1061 exhibebit
2793 986 3040 1062 diebus
3069 985 3319 1060 Martis

1015 1115 1087 1180 et
1145 1105 1460 1181 Mercurii
1482 1163 1503 1194 ,
1564 1104 1731 1180 hora
1784 1161 3323 1183 .....................

727 1229 806 1303 Ρ.
828 1229 1169 1302 Bosscnx
1182 1284 1207 1318 ,
1220 1225 1410 1301 Phil.
1431 1191 1665 1300 Paeo).
1699 1226 1888 1324 May.
1906 1224 2078 1300 litt.
2099 1225 2306 1300 Ham.
2326 1235 2397 1300 et
2408 1226 2472 1298 I
2462 1251 2562 1301 ur.
2584 1227 3093 1326 Utriusq.Doct.
3113 1165 3316 1320 Flos.

828 1349 1135 1420 honorar.
1160 1404 1179 1433 ,
1211 1344 1593 1420 Historiam
1622 1344 2069 1418 mcentiorem
2104 1344 2504 1444 explicabit,
2541 1352 2666 1420 aut
2687 1346 2991 1444 aliquam
3015 1351 3324 1420 veterum

827 1469 1177 1542 literarum
1223 1473 1490 1564 partem
1532 1464 1856 1540 tractabit
1910 1464 2095 1541 horis
2146 1489 2307 1540 cum
2348 1465 2784 1540 auditoribus
2819 1464 3325 1568 conveniendis.

924 1589 1287 1662 Praeterea
1358 1583 1713 1660 historiam
1780 1586 2098 1684 Europae
2162 1583 2325 1660 inde
2388 1611 2431 1660 a
2493 1593 2716 1660 morte
2779 1584 3114 1660 Gulielmi
3170 1586 3286 1658 ΠΙ
3309 1645 3328 1673 ,

1021 1704 1453 1781 Brittanniae
1498 1704 1683 1806 regis
1700 1764 1721 1794 ,
1786 1727 2010 1804 usque
2052 1704 2143 1780 ad
2183 1730 2427 1804 pacem
2474 1705 3136 1805 Aquisgraniensem
3194 1713 3328 1780 tra-

1022 1827 1143 1900 det
1208 1825 1451 1925 lingua
1525 1825 1921 1914 vernacula,
1994 1824 2405 1901 lectionibus
2476 1824 2552 1900 in
2619 1825 2990 1902 Auditorio
3057 1825 3331 1926 publice

1028 1944 1403 2034 habendis,
1452 1953 1759 2045 tempore
1807 1953 2048 2045 postea
2098 1944 2491 2022 indicando.

736 2071 785 2144 1.
854 2067 1227 2142 Dumana
1292 2087 1441 2140 vm
1502 2065 1777 2152 Twrsr,
1838 2065 1996 2140 Iur.
2060 2065 2258 2138 Rom.
2326 2073 2399 2140 et
2452 2066 2796 2141 Hodierni
2850 2067 3128 2154 Doctor,
3175 2067 3330 2141 [τιν.

836 2188 1243 2283 Professor,
1303 2183 1779 2260 Institutiones
1830 2181 2283 2260 Iustiniancas
2329 2184 2702 2283 explicabit
2747 2183 2996 2259 diebus
3056 2185 3298 2260 Lunae
3315 2245 3334 2273 ‚

836 2305 1088 2381 Martis
1108 2362 1129 2393 ,
1174 2303 1507 2377 Mercurii
1552 2309 1626 2376 et
1676 2302 1851 2378 Iovis
1870 2361 1891 2392 ,
1948 2303 2115 2378 hora
2152 2361 3259 2381 ................
3286 2324 3332 2379 ἡ

932 2423 1317 2522 Historiam
1356 2422 1531 2497 Iuris
1570 2422 1871 2498 Romani
1918 2423 2144 2499 tradet
2197 2423 2444 2499 diebus
2485 2423 2728 2500 Lunae
2745 2483 2766 2514 ,
2813 2423 3062 2499 Martis
3081 2483 3102 2514 ,
3145 2424 3332 2498 Mer-

1030 2542 1203 2618 curii
1247 2549 1315 2616 et
1361 2541 1535 2616 Iovis
1552 2601 1573 2630 ,
1640 2541 1807 2619 hora
1858 2599 3330 2621 .....................

933 2661 1549 2762 Encyclopaediam
1592 2661 1763 2736 iuris
1800 2662 2076 2738 docebit
2118 2661 2368 2738 diebus
2408 2663 2652 2738 Lunae
2691 2670 2761 2747 et
2799 2663 2975 2738 Iovis
3023 2663 3190 2742 hora
3241 2725 3257 2740 .
3315 2724 3330 2741 .

934 2785 1051 2858 Ius
1094 2783 1403 2858 Naturae
1452 2790 1749 2882 exponet
1800 2781 2047 2858 diebus
2101 2783 2353 2858 Martis
2372 2842 2393 2873 ,
2442 2784 2612 2860 hora
2663 2841 3334 2862 ..........

1126 2910 1200 2976 et
1237 2901 1525 2976 Veneris
1575 2959 2027 2980 .......
2031 2925 2041 2938 ·
2081 2960 3337 2981 ..................

942 3022 1397 3098 Oeconomiae
1442 3023 1761 3122 politicae
1809 3023 2145 3124 principia
2189 3023 2418 3099 tradet
2458 3022 2708 3100 diebus
2749 3023 2992 3100 Lunae
3039 3031 3113 3098 et
3153 3007 3340 3100 Me‘r·

1034 3141 1209 3218 curii
1226 3201 1246 3231 ,
1296 3142 1463 3217 hora
1523 3201 3341 3220 ..........................

948 3261 1213 3337 Selecta
1258 3261 1427 3337 iuris
1470 3263 1855 3338 mercatorii
1893 3264 2119 3362 capita
2158 3271 2455 3362 exponet
2496 3261 2662 3339 hora
2703 3262 3137 3338 auditoribus
3179 3263 3342 3338 sibi·

1043 3407 1181 3482 que
1228 3383 1603 3458 commoda.

754 3505 854 3578 M.
906 3503 967 3578 1.
1016 3502 1171 3578 Cor
1193 3561 1213 3591 ,
1274 3503 1491 3578 Math.
1558 3505 1756 3603 May.
1814 3502 2003 3581 Phil.
2065 3503 2236 3577 Nat.
2288 3503 2489 3580 Doct.
2507 3560 2528 3592 ,
2601 3502 2914 3576 Cbemiae
2959 3500 3348 3596 Prffeeeor,

851 3622 1211 3698 Chemiam
1271 3644 1633 3720 corporum
1662 3672 1667 3676 -
1695 3623 2263 3721 anorganioorum
2330 3621 2606 3696 docebit
2667 3620 2782 3696 die
2835 3620 3078 3698 Lunae
3094 3678 3115 3709 ,
3182 3629 3344 3696 ante

851 3741 1053 3816 ferias
1095 3739 1419 3816 hibernas
1438 3798 1459 3830 ,
1508 3740 1677 3815 hora
1736 3792 3344 3818 .......................

952 3860 1201 3936 deinde
1256 3885 1411 3936 vero
1428 3920 1449 3951 ,
1502 3860 1669 3936 hora
1727 3913 3342 3937 .......................

951 3980 1199 4057 diebus
1252 3980 1503 4055 Martis
1552 3987 1625 4054 et
1668 3979 1844 4057 Iovis
1862 4039 1883 4068 ,
1946 3980 2115 4055 hora
2166 4034 3342 4056 .................

952 4099 1313 4176 Chemiam
1348 4123 1711 4199 corporum
1744 4099 2289 4200 organicorumtr
2310 4098 2475 4174 adet
2501 4096 2751 4173 diebus
2774 4098 3015 4172 Lunae
3033 4155 3054 4184 ,
3101 4095 3350 4172 Martis

1056 4227 1129 4294 et
1168 4219 1343 4294 Iovis
1357 4278 1378 4309 ,
1444 4220 1611 4294 hora
1660 4276 2692 4297 ...............
2695 4227 2710 4238 “
2747 4275 3342 4294 .........

954 4340 1064 4415 De
1122 4345 1267 4414 arte
1308 4337 1859 4437 pharmaceutica
1906 4339 2195 4415 disseret
2238 4339 2351 4414 die
2404 4337 2735 4414 Mercurii
2748 4395 2770 4428 ,
2818 4337 2986 4413 hora
3035 4394 3344 4415 .....

957 4457 1489 4558 Technologiam
1523 4459 1901 4536 chemicam
1932 4458 2286 4549 tractabit,
2331 4457 2578 4534 diebus
2601 4465 2675 4532 et
2693 4457 2880 4532 horis
2916 4456 3346 4533 auditoribus

1050 4577 1450 4655 commodis.

961 4697 1322 4774 Chemiam
1362 4697 1899 4799 physiologicam
1944 4707 2069 4776 aut
2115 4699 2444 4776 Chemiae
2494 4696 2783 4776 forensis
2827 4697 3052 4798 capita
3097 4696 3346 4772 selecta

1058 4817 1327 4896 tradere
1372 4826 1653 4917 paratus
1703 4829 1829 4898 est.

3629 663 3756 728 293

3641 1105 3762 1180 Xl.

3647 2547 3770 2622 XI.

3649 2665 3772 2744 1X.

3651 2787 3774 2863 IX.

3625 3147 3778 3222 XII.

3481 3731 3504 3746 ⁹
3661 3743 3785 3817 XI.

3660 3861 3785 3940 IX.

3657 4340 3783 4418 1X.
