4934 6184
1293 695 1421 768 132
2387 695 2439 761 1.
2510 693 2588 762 A.
2656 689 2727 764 C.
2794 689 3235 764 ROVERS

1288 901 1496 991 tulit,
1569 925 1750 1002 quae
1818 923 1956 976 usu
2022 919 2166 974 non
2211 887 2689 1000 cognoverat,
2766 905 3005 975 eontra
3072 922 3162 974 ex
3230 897 3448 975 animi
3520 899 3861 976 sententia
3942 899 4179 976 dicens
4246 899 4323 976 in

1285 1021 1754 1098 Horatianum
1823 1019 1998 1096 abiit
2067 1021 2240 1121 quid
2291 1023 2472 1121 leyes
2528 1023 2676 1096 cine
2730 1021 3025 1095 moribus
3078 1045 3296 1096 vanae
3330 1021 3739 1120 proficiunt,
3786 1019 3887 1094 ita
3935 1044 4319 1120 numquam

1283 1165 1423 1218 non
1511 1140 1630 1218 illa
1703 1141 1996 1216 servitus
2015 1199 2036 1230 ‚
2122 1140 2252 1215 hoc
2315 1138 2771 1215 fundamento
2850 1139 3184 1214 destituta
3203 1197 3223 1228 ‚
3288 1146 3434 1216 tam
3503 1139 3643 1214 cito
3721 1139 4035 1238 deposita
4106 1165 4320 1239 quam

1288 1268 1608 1362 suscepta
1655 1267 1782 1335 est.
1881 1257 1988 1335 Eo
2038 1259 2190 1360 ipso
2228 1259 2685 1334 fundamento
2728 1257 2977 1332 nititur
3030 1259 3406 1348 veneratio,
3450 1283 3592 1358 qua
3646 1259 3862 1360 Angli
3921 1260 4107 1360 leges
4162 1285 4323 1338 suas

1281 1388 1836 1481 prosequuntur3
1899 1380 2063 1454 hinc
2118 1379 2206 1454 iis
2255 1378 2327 1453 in
2388 1377 2665 1478 legibus
2706 1377 3131 1478 praesidium
3170 1385 3407 1454 contra
3454 1379 3846 1455 marchiam
3890 1387 3963 1455 et
4004 1380 4314 1457 domina-

1283 1501 1567 1577 tionem.
1671 1499 2214 1599 Historiologiae
2264 1507 2501 1574 autem
2549 1499 2719 1574 haec
2776 1522 2909 1572 vox
2952 1505 3105 1588 est,
3150 1498 3459 1574 chartam
3512 1524 3665 1574 esse
3708 1500 4012 1576 chartam
4034 1559 4055 1590 ‚
4107 1527 4321 1601 quam

1285 1623 1479 1698 nulla
1541 1622 1898 1696 literarum
1965 1620 2032 1694 ei
2089 1618 2574 1694 mandatarum
2638 1619 3059 1718 praestantia
3106 1626 3336 1694 arceat
3382 1645 3427 1694 a
3474 1621 3624 1696 vico
3671 1619 4010 1696 vendente
4060 1623 4215 1696 thus
4254 1632 4328 1698 et

1283 1746 1520 1818 odores
1561 1751 1632 1817 et
1654 1744 1868 1842 piper
1911 1749 1981 1816 et
2012 1741 2348 1840 quidquid
2375 1741 2635 1814 chartis
2672 1741 2991 1814 amic-itm·
3029 1742 3299 1838 ineptis.
3362 1740 3644 1827 Etenim
3686 1739 3784 1815 sic
3820 1765 3893 1814 se
3922 1765 4035 1816 res
4075 1741 4318 1817 habet:

1281 1864 1451 1939 haec
1505 1863 1740 1937 omnia
1802 1861 2076 1936 tamdiu
2135 1883 2342 1935 suum
2405 1859 2640 1934 locum
2707 1865 2990 1948 tenent,
3057 1859 3397 1959 quamdiu
3464 1859 3895 1959 temporibus
3962 1861 4325 1936 hominum

1283 1985 1662 2084 φιλαυτία
1708 1979 2301 2058 commendantur.
2405 1981 2589 2054 Sunt
2630 1979 2903 2055 aedes
2881 2003 2955 2054 m
3002 2003 3211 2054 arena
3253 1978 3560 2078 positae,
3604 2003 3781 2080 quas
3818 2005 4157 2080 aquarum
4224 1982 4325 2058 vis

1282 2105 1608 2203 ventique
1656 2101 1890 2201 paullo
1936 2099 2483 2174 vehementiores
2532 2123 2676 2174 uno
2724 2099 2997 2198 impetu
3043 2097 3355 2174 diruunt.

1375 2222 1712 2296 Horum-11
1757 2218 2152 2308 sententia,
2219 2242 2648 2318 quamquam
2709 2213 3095 2319 praeclara,
3164 2218 3479 2295 noudum
3532 2217 3767 2293 omnia
3806 2221 4321 2321 complectitur,

1280 2343 1540 2443 quibus
1592 2343 1723 2417 rite
1771 2340 2257 2442 progrediendi
2301 2341 2577 2440 cupidis
2621 2364 2799 2441 opus
2846 2347 2971 2417 est.
3071 2339 3291 2416 Haud
3338 2339 3583 2430 miror,
3634 2337 3693 2412 si
3734 2338 3935 2437 quis,
3983 2340 4060 2415 in
4090 2367 4323 2418 rerum

1273 2463 1800 2564 praeteritarum
1865 2460 2198 2536 memoria
2270 2460 2450 2535 hanc
2518 2459 2771 2536 ducem
2827 2465 3109 2534 secutus
3128 2518 3149 2549 ‚
3209 2464 3491 2534 tantum
3534 2457 3783 2533 tribuit
3836 2461 4147 2538 moribus
4198 2463 4322 2538 ho-

1273 2583 1493 2659 nestis
1510 2640 1531 2671 ‚
1581 2589 1664 2657 ut
1709 2581 1885 2656 nihil
1932 2581 2114 2657 ultra
2159 2580 2489 2680 requirat.
2592 2581 2733 2655 Sed
2775 2605 3051 2657 morum
3092 2579 3439 2656 honestati
3490 2579 3667 2655 alius
3702 2579 3873 2656 alios
3910 2582 4087 2658 fines
4128 2585 4326 2682 ponit

1274 2713 1346 2776 et
1415 2701 1913 2802 Historiologia
1973 2725 2122 2776 rem
2188 2700 2483 2776 interius
2554 2701 2880 2800 persequi
2938 2699 3159 2777 iubet.
3267 2699 3493 2774 Docet
3554 2699 3777 2788 enim,
3838 2725 3949 2776 res
4006 2704 4326 2802 gentium

1271 2821 1653 2898 arctissime
1713 2821 1988 2896 iunctas
2055 2844 2208 2896 esse
2273 2819 2654 2896 earundem
2719 2817 2976 2912 indoli,
3042 2819 3447 2921 ingeniique
3509 2827 3582 2895 et
3639 2819 3856 2896 animi
3898 2821 4077 2898 vires
4128 2831 4327 2898 tanto

1274 2941 1494 3043 pluris
1568 2966 1759 3032 esse,
1826 2948 2092 3067 quanto
2157 2941 2499 3018 efficacius
2560 2941 2827 3044 reliqua
2893 2948 3267 3044 provocant
3330 2947 3403 3015 et
3460 2938 3925 3018 moderantur.
4050 2943 4137 3018 In
4198 2943 4325 3020 has

1235 3059 1486 3164 igitur
1557 3087 1806 3139 omnes
1869 3053 2072 3139 curas
2146 3061 2751 3198 cogitationesque
2804 3061 3113 3138 conferre
3180 3085 3429 3161 operae
3490 3058 3796 3160 pretium
3870 3069 3997 3138 est.
4123 3064 4327 3143 Quid

1273 3208 1467 3274 vero,
1509 3185 1570 3258 si
1591 3183 1840 3260 harum
1875 3207 2200 3259 curarum
2226 3183 2597 3283 praecipua
2624 3182 2699 3258 in
2744 3207 2827 3258 eo
2872 3183 3195 3285 ponitur,
3222 3186 3305 3256 ut
3342 3180 3531 3256 vires
3558 3178 3717 3256 illae
3750 3180 3843 3256 ab
3879 3182 4073 3258 omni
4112 3191 4309 3284 parte

1269 3303 1703 3393 excolantur,
1772 3310 2161 3405 purgentur
2227 3327 2270 3378 a
2335 3299 2657 3376 sordibus
2732 3308 2805 3377 et
2864 3299 3277 3377 roborentur
3291 3357 3311 3390 ‚
3380 3323 3522 3398 quo
3592 3300 3818 3400 magis
3883 3301 3960 3376 ιιι
4032 3301 4312 3378 homine

1270 3421 1562 3521 prodeat
1625 3423 1831 3498 homo
1845 3425 1880 3497 Ρ
1963 3421 2204 3497 Huius
2257 3428 2509 3497 natura
2572 3445 2879 3519 quonam
2936 3419 3304 3496 escendere
3358 3419 3614 3520 possit,
3672 3418 3747 3495 in
3790 3420 3910 3496 illo
3955 3424 4318 3522 apparuit,

1272 3566 1416 3641 quo
1485 3541 1984 3642 Historiologia
2051 3540 2389 3641 gloriatur
2455 3547 2539 3616 ut
2602 3539 2883 3618 nemine
2948 3541 3175 3640 magis
3194 3598 3214 3631 ‚
3299 3539 3501 3615 cuius
3566 3539 3869 3640 insignia
3898 3545 3905 3554 ’
3933 3543 4177 3619 merita
4246 3545 4323 3619 in

1151 3667 1158 3678 ‘
1271 3683 1515 3735 omnes
1582 3659 1762 3735 vitae
1825 3659 2170 3737 humanae
2238 3665 2472 3759 partes
2534 3658 2779 3735 eadem
2843 3659 3145 3736 celebrat
3160 3718 3181 3748 ,
3247 3683 3458 3758 quem
3517 3661 4002 3738 Arnanasms
4068 3671 4323 3740 natura

1270 3781 1580 3855 humana
1637 3803 1712 3854 se
1774 3777 2340 3879 conspiciendum
2411 3779 2687 3854 dedisse
2755 3779 2963 3870 dicit,
3036 3788 3117 3856 ut
3184 3779 3394 3861 homo
3446 3781 3647 3856 fieret
3698 3781 3974 3860 divinae
4028 3791 4319 3861 naturae

1273 3901 1500 3976 socius
1569 3902 1659 3994 ¹).
1779 3901 1988 3974 Anno
2055 3898 2404 3999 superiore
2474 3899 2867 3999 praeclarus
2936 3914 3222 3977 naturae
3296 3901 3748 4004 investigator
3816 3931 3901 3980 ex
3944 3907 4103 4008 ‚hac
4166 3908 4321 4012 ipsa

1274 4021 1602 4108 cathedra
1672 4020 1858 4096 viam
1929 4019 2260 4096 indicavit
2279 4077 2301 4108 ,
2375 4043 2517 4119 qua
2580 4019 2716 4096 sibi
2786 4021 3135 4096 videretur
3202 4021 3313 4096 his
3380 4023 3813 4123 temporibus
3877 4027 4139 4126 optime
4208 4028 4320 4102 vel

1277 4140 1512 4239 potius
1577 4140 1778 4214 unice
1841 4139 2110 4215 consuli
2163 4163 2366 4238 posse
2413 4141 2506 4233 ³).
2605 4139 2809 4216 Nihil
2850 4140 3067 4230 dixit,
3114 4140 3306 4240 quod
3344 4165 3389 4217 a
3428 4143 3680 4219 studiis
3728 4145 4320 4222 contentionibus-

1275 4285 1416 4362 que
1479 4259 1874 4336 maturioris
1937 4259 2182 4335 aetatis
2249 4258 2551 4335 alienum
2624 4267 2820 4361 puto.
2918 4261 3073 4362 Ego
3132 4271 3371 4338 autem
3426 4263 3503 4338 in
3552 4266 3846 4342 eandem
3898 4267 4317 4344 sententiam

1273 4380 1516 4457 abiens
1567 4379 1744 4456 nihil
1795 4379 2020 4456 dicam
2037 4438 2059 4469 ,
2117 4378 2309 4478 quod
2359 4378 2897 4482 Historiologiae
2940 4381 3333 4460 auctoritati
3376 4383 3817 4478 adversatur3
3888 4387 4013 4464 sed
4054 4413 4318 4464 memo-

1359 4691 1478 4766 ιει)
1482 4691 1746 4753 ,Arium
1786 4693 1887 4764 11,
1929 4695 2065 4752 165.

1361 4785 1530 4942 20?-
1563 4789 1616 4848 1.
1637 4787 1939 4955 ξυιυιιζὸ,
1985 4788 2130 4848 Over
2161 4789 2228 4850 de
2259 4787 2422 4850 ziokt·
2451 4806 2519 4852 en
2545 4789 2937 4868 celadumiide
2966 4811 3073 4854 van
3104 4793 3171 4853 de
3200 4793 3510 4872 beoetbninq
3542 4795 3641 4856 der
3676 4795 4323 4869 namamckoppen

1277 4879 1340 4940 in
1469 4899 1536 4942 en
1574 4882 1650 4956 cij
1755 4903 1810 4964 p.
1973 4899 2096 4961 sqq
