4934 6184
1289 685 1422 753 124
2379 683 2432 752 1.
2500 682 2579 751 A.
2644 673 2716 754 C.
2783 680 3222 754 ROVERS

1302 891 1662 994 diligentia
1720 891 1794 966 in
1850 889 2166 992 partibus
2221 890 2519 968 civitatis
2576 891 2917 994 regendae
2967 898 3042 968 et
3091 887 3718 977 administrandae,
3767 887 3842 963 in
3888 886 4314 988 argumentis

1289 1012 1728 1089 oeconomiae
1769 1009 2126 1111 politicae,
2173 1010 2250 1086 in
2299 1035 2374 1086 re
2419 1011 2595 1088 adeo
2636 1011 2939 1089 militari.
3040 1010 3157 1086 Sic
3194 1031 3394 1085 mens
3437 1007 3657 1108 agitat
3648 981 3968 1085 molem.
4054 1009 4149 1082 Et
4186 1007 4314 1084 hac

1294 1131 1654 1232 diligentia
1699 1130 1873 1230 quid
1917 1131 2322 1229 spectatur?
2369 1137 2452 1206 ut
2493 1131 2765 1222 omnia,
2814 1155 2999 1231 quae
3035 1128 3226 1231 apud
3270 1135 3535 1204 veteres
3578 1135 3891 1216 exstant,
3940 1151 4030 1203 ne
4070 1128 4315 1204 calceis

1287 1251 1571 1350 quidem
1624 1251 1734 1325 vel
1779 1247 2056 1325 annulis
2101 1249 2404 1349 exceptis
2421 1307 2442 1341 ,
2508 1251 2689 1326 sicut
2736 1251 2993 1350 digitos
3042 1255 3315 1326 nostros
3367 1270 3864 1348 cognoscamus
3883 1249 3919 1322 P
3974 1247 4149 1322 1111111
4184 1249 4311 1322 mi-

1285 1394 1460 1459 nus3
1524 1369 1747 1470 igitur
1805 1376 1891 1444 ut
1945 1369 2276 1446 maiorem
2332 1395 2497 1446 cum
2540 1369 2987 1470 scriptoribus
3028 1368 3333 1468 antiquis
3375 1366 3912 1444 familiaritatem
3956 1367 4311 1443 contraha-

1281 1490 1494 1564 mus?
1561 1513 1651 1565 ne
1707 1489 1784 1563 id
1845 1489 2129 1588 quidem
2149 1547 2170 1579 ,
2229 1489 2368 1564 nisi
2432 1489 2609 1566 forte
2669 1491 2811 1566 vim
2861 1499 2933 1566 et
2982 1489 3309 1566 effectum
3356 1486 3623 1562 consilii
3667 1487 3947 1562 nomine
3984 1485 4314 1586 insignire

1285 1609 1530 1707 placet.
1633 1609 2020 1684 Consilium
2083 1601 2334 1684 autem'
2385 1610 2563 1686 illud
2626 1617 2772 1699 est,
2840 1619 2921 1686 ut
2966 1609 3221 1686 mentis
3266 1607 3467 1682 oculo
3516 1606 3742 1707 ipsam
3772 1605 3991 1682 'nobis
4042 1631 4315 1682 cernere

1285 1729 1647 1829 contingat
1685 1729 2160 1806 Romanorum
2203 1729 2437 1806 vitam.
2514 1729 2673 1806 Hoc
2710 1732 3138 1807 Gmmnnuo
3180 1729 3537 1804 Bncnno
3576 1735 3727 1801 tum
3774 1750 4054 1826 quoqpe
4100 1727 4319 1802 menti

1284 1851 1728 1926 obversatum
1773 1857 1880 1926 est
1899 1909 1922 1940 ‚
1969 1875 2190 1949 quum
2236 1850 2495 1926 librum
2536 1850 2809 1952 scripsit
2850 1851 3147 1951 spissum
3192 1857 3266 1926 et
3301 1871 3671 1948 operosum
3697 1847 3785 1922 (10
3814 1847 4027 1922 Urbis
4053 1847 4317 1923 Romae

1291 1971 1787 2070 Popoyraplaia.
1889 1969 2164 2046 Scilicet
2225 1970 2833 2071 persuasissimum
2897 1971 3034 2071 ipsi
3076 1969 3214 2046 fuit
3232 2028 3253 2060 ‚
3312 1969 3461 2044 sine
3520 1969 3913 2070 cognitione
3971 1961 4275 2043 locorum
4295 2027 4315 2056 ,

1291 2113 1472 2189 quae
1523 2089 1737 2164 vitam
1791 2089 1980 2164 illam
2033 2086 2404 2180 aluissent,
2453 2091 2805 2167 neminem
2854 2091 3031 2168 illud
3079 2091 3409 2166 ultimum
3456 2095 3669 2188 atque
3714 2097 4105 2164 extremum
4158 2113 4316 2164 con-

1287 2208 1486 2309 sequi
1531 2232 1735 2308 posse
1758 2267 1779 2297 ,
1829 2233 1971 2309 quo
2007 2208 2244 2284 referri
2284 2211 2519 2286 omnia
2561 2217 2923 2311 oporteret.
3022 2211 3190 2288 Huc
3228 2209 3727 2310 Historiologia
3765 2209 3990 2284 facem
4025 2209 4319 2309 praefert

1283 2328 1358 2402 in
1429 2327 1642 2402 rebus
1709 2329 2184 2404 Romanorum
2245 2329 2703 2430 explorandis.
2801 2332 3053 2432 Itaque
3114 2331 3189 2406 in
3254 2330 3499 2405 ceteris
3568 2329 3713 2404 sive
3758 2330 4107 2432 ,antiquae
4178 2329 4316 2402 sive

1293 2446 1690 2522 recentioris
1748 2446 2070 2523 historiae
2135 2448 2451 2547 partibus
2506 2449 2641 2526 alio
2702 2449 3042 2551 praeferre
3090 2450 3359 2550 nequit.
3458 2450 3687 2524 Testis
3732 2449 3951 2549 igitur
3978 2449 4140 2549 ,ipsa
4180 2472 4315 2522 non

1291 2566 1502 2641 modo
1549 2574 1942 2667 temporum
1984 2567 2108 2642 sed
2149 2569 2357 2644 etiam
2402 2567 2585 2644 vitae
2626 2569 2943 2668 gentium
2987 2575 3059 2644 et
3101 2568 3225 2643 lux
3272 2567 3579 2643 veritatis
3626 2591 3779 2642 esse
3814 2565 4031 2667 cupit.
4130 2565 4316 2640 Hinc

1284 2710 1720 2785 consequens
1763 2693 1910 2776 est,
1958 2693 2075 2776 ut,
2125 2711 2348 2788 quum
2387 2711 2475 2764 ex
2512 2687 2845 2788 diligente
2880 2687 3069 2763 illius
3104 2687 3285 2762 vitae
3324 2685 3905 2786 contemplatione
3937 2685 4316 2787 plurimum

1279 2805 1685 2904 proficiatur
1760 2806 1862 2882 ad·
1914 2807 2137 2908 ipsius
2202 2815 2491 2884 naturae
2557 2808 2903 2884 humanae
2966 2805 3522 2910 perspicientiam
3542 2865 3563 2897 ,
3633 2805 4132 2907 Historiologia
4200 2831 4315 2880 000

1280 2927 1728 3026 potissimum
1777 2926 2090 3003 imbutos
2129 2927 2422 3004 velimus
2435 2986 2457 3018 ,
2520 2929 2645 3028 qui
2687 2927 2761 3003 in
2810 2929 3024 3004 solem
3066 2934 3277 3029 atque
3320 2926 3395 3002 in
3440 2926 3795 3026 pulverem
3848 2927 3950 3002 rei
3998 2926 4315 3028 publicae

1287 3045 1695 3144 procedunt.
1795 3045 1871 3121 H
1877 3071 1996 3122 aec
2060 3047 2244 3122 enim
2265 3105 2286 3136 ,
2351 3054 2436 3122 ut
2491 3047 2607 3130 1110
2663 3048 2763 3122 011
2780 3105 2801 3139 ,
2870 3071 3009 3124 11011
3056 3073 3141 3122 ex
3194 3047 3386 3148 ligno
3428 3071 3677 3122 saxove
3730 3054 4038 3136 constat,
4088 3072 4315 3146 neque

1284 3163 1646 3240 machinae
1687 3165 1907 3242 instar
1951 3165 2379 3241 extrinsecus
2425 3173 2779 3256 movetur,
2828 3167 2954 3243 sed
2994 3193 3082 3242 ex
3129 3166 3493 3243 hominum
3514 3225 3534 3256 ‚
3582 3191 3671 3242 ex
3717 3165 3975 3267 quibus
4004 3174 4275 3243 constat
4292 3226 4313 3256 ,

1279 3285 1536 3360 studiis
1605 3284 2108 3386 affectibusque
2172 3286 2553 3362 admodum
2625 3286 2829 3362 variis
2893 3295 3165 3364 motum
3236 3286 3564 3388 suscipit,
3610 3309 3950 3387 quorum
4028 3286 4311 3386 quidem

1283 3403 1705 3503 multiplices
1737 3404 1994 3481 formas
2021 3413 2094 3480 et
2114 3406 2695 3482 necessitudinem
2721 3413 2931 3507 atque
2963 3407 3103 3481 vim
3131 3413 3451 3482 mutuam
3479 3406 3802 3506 ignorare
3816 3465 3837 3496 ,
3868 3405 3978 3484 vel
4002 3407 4311 3508 cognitas

1287 3523 1641 3624 negligere
1654 3581 1674 3614 ,
1727 3523 1924 3600 valde
1964 3526 2426 3626 periculosum
2470 3533 2599 3602 est.
2694 3527 2875 3602 Inde
2920 3526 3113 3603 nulla
3151 3550 3299 3602 non
3338 3525 3746 3627 opinionum
3796 3537 4223 3616 commenta,
4270 3553 4333 3602 a.

1280 3642 1546 3743 quibus
1612 3644 1821 3719 multi
1887 3653 2172 3746 crepant
2233 3669 2583 3722 summam
2644 3645 3179 3746 exspectandam
3230 3669 3382 3721 esse
3434 3646 3731 3722 salutem
3772 3645 4088 3745 gentium
4108 3705 4131 3736 ,
4178 3646 4311 3746 ipsi

1285 3763 1546 3838 scilicet
1615 3764 1910 3840 salutem
1969 3764 2244 3842 allaturi
2259 3825 2282 3854 ‚
2350 3787 2531 3870 01100
2602 3773 2727 3842 0111
2778 3766 3043 3841 nitetur
3092 3764 3463 3842 ruderibus
3522 3766 3883 3842 civitatum
3944 3772 4070 3842 aut
4120 3767 4309 3842 nulla

1278 3882 1604 3958 fulcietur
1667 3883 2282 3960 fundamentorum
2345 3884 2695 3962 firmitate.
2793 3880 3122 3961 0010111111
3143 3943 3165 3976 ,
3228 3909 3369 3985 0110
3436 3886 3668 3985 plures
3732 3885 3868 3961 sibi
3916 3886 4008 3961 ad
4078 3886 4309 3960 omnia

1281 4026 1558 4102 summa
1635 4007 1788 4078 nati
1834 4029 1985 4081 esse
2055 4005 2411 4094 videntur,
2480 4029 2565 4080 eo
2626 4004 3101 4082 vehementius
3170 4004 3564 4106 urgendum
3638 4030 3885 4082 censeo
3902 4065 3925 4096 ,
4000 4009 4307 4082 doctrina

1277 4121 1418 4194 vim
1470 4123 1854 4222 promoveri
1906 4123 2184 4201 insitam
2207 4184 2229 4216 ,
2295 4149 2517 4224 eoque
2566 4125 2839 4202 enixius
2889 4134 2960 4202 et
3006 4124 3525 4202 benevolentius
3571 4127 3863 4226 rogandi
3907 4126 4044 4227 ipsi
4096 4134 4263 4202 sunt
4284 4185 4305 4214 ,

1281 4261 1372 4312 ne
1394 4296 1415 4326 ,
1484 4235 2060 4337 splendidissimis
2115 4241 2204 4316 de
2257 4241 2481 4341 patria
2525 4241 2790 4320 tuenda
2826 4243 3129 4320 consiliis
3169 4243 3471 4346 abrepti,
3540 4273 3577 4316 n
3595 4253 3949 4346 tamquam
3994 4247 4069 4320 in
4120 4245 4306 4321 aedi·

1281 4356 1554 4434 ficanda
1599 4356 1808 4434 domo
1859 4357 2138 4436 initium
2178 4359 2434 4437 faciant
2474 4386 2516 4437 0
2555 4369 2737 4438 10010
2782 4370 2855 4438 01
2897 4363 3089 4463 apice
3104 4421 3127 4454 ,
3179 4363 3268 4439 de
3306 4362 3779 4441 fundamentis
3817 4374 3889 4441 et
3927 4365 4305 4466 parietibus

1269 4501 1410 4552 non
1459 4475 1916 4578 cogitantes.”
4300 4447 4343 4502 ⁸

1853 4592 1858 4632 1

1371 4716 1598 4816 Pergo
1659 4717 1751 4793 ad
1799 4720 2274 4818 quaestionem
2330 4723 2418 4798 de
2485 4721 2757 4823 generis
2813 4722 3103 4798 humani
3153 4723 3645 4824 progressione.
3749 4722 4081 4799 Incidunt
4132 4745 4299 4796 non·

1285 4855 1670 4932 numquam
1734 4844 2045 4939 tempora
2063 4897 2084 4931 ,
2151 4841 2410 4941 quibus
2469 4844 2639 4920 haec
2694 4843 3008 4944 quaestio
3063 4868 3319 4943 paucos
3374 4853 3611 4922 tenere
3665 4843 3960 4922 videtur.
4059 4844 4299 4923 Quum
