4934 6184
1370 655 1502 724 174
2408 651 2460 722 Ι.
2522 651 2943 722 ΗῙΒΒῙΝΚ
3001 653 3365 722 IANSEN

1369 865 1535 965 Ipse
1579 860 1912 938 Voo'rlus
1931 916 1952 950 ,
2011 883 2176 960 prae
2237 858 2481 936 multis
2542 860 2754 938 huius
2799 863 3149 940 doctrinae
3196 861 3485 940 antistes
3504 917 3526 950 ,
3570 863 3905 936 testatur:
3979 890 4016 930 ιι
4033 884 4161 936 nos
4208 862 4421 962 plane

1371 983 1636 1062 nescire
1683 1006 1822 1081 qua
1868 978 2132 1056 ratione
2173 980 2499 1058 materies
2549 1007 2913 1060 nervorum
2966 991 3131 1080 agat
3148 1042 3171 1074 ,
3218 1025 3318 1040 --
3362 987 3708 1083 quatenus
3756 1002 3885 1055 nos
3932 980 4385 1059 observemus
4398 1041 4423 1073 ,

1371 1102 1790 1206 principium
1829 1098 2119 1178 actionis
2136 1159 2158 1191 ,
2211 1101 2404 1202 quod
2435 1127 2563 1202 per
2604 1110 2835 1180 totum
2874 1104 3347 1205 organismum
3387 1107 3657 1201 pateat,
3700 1125 3943 1176 omnes
3986 1101 4138 1176 eius
4182 1112 4423 1180 motus

1365 1223 1680 1313 ordinet,
1721 1245 1966 1298 omnes
2010 1220 2483 1322 perceptiones
2534 1223 2853 1325 colligat,
2903 1226 2977 1301 in
3021 1232 3359 1326 perpetua
3406 1247 3559 1299 esse
3606 1221 3841 1320 quiete
3898 1229 3971 1296 et
4014 1221 4419 1302 stabilitate.

1365 1345 1658 1422 Nullam
1717 1343 2079 1420 observare
2118 1339 2503 1446 'possumus
2554 1342 3012 1419 mutationem
3058 1342 3135 1418 in
3184 1340 3455 1416 fibrillis
3501 1363 3867 1415 nervorum
3885 1397 3907 1429 ,
3972 1339 4117 1414 sive
4166 1349 4383 1440 agant
4396 1401 4419 1432 ,

1370 1466 1511 1541 sive
1549 1464 1931 1564 quiescant.
1965 1507 2064 1524 -
2100 1463 2404 1540 Scientia
2441 1471 2678 1540 nostra
2718 1469 3101 1540 structurae
3144 1460 3405 1538 cerebri
3437 1459 3815 1560 perexigua
3851 1468 3993 1549 est;
4032 1504 4133 1522 -
4162 1485 4417 1562 cogno·

1370 1586 1596 1662 vimus
1634 1585 1892 1660 formas
1933 1583 2277 1684 quasdam
2311 1590 2629 1660 externas
2660 1584 2737 1660 in
2771 1584 2953 1660 mole
2990 1582 3315 1660 materiae
3330 1639 3351 1672 ,
3388 1580 3475 1656 de
3518 1577 3866 1656 structura
3901 1579 4242 1680 penitiore
4256 1639 4279 1671 ,
4328 1583 4417 1657 de

1365 1705 1724 1783 elementis
1769 1703 2111 1804 organicis
2155 1704 2373 1805 partis
2421 1705 2539 1780 vix
2580 1704 2969 1804 quidquam
3014 1702 3456 1778 didicimus.’'

1463 1827 1554 1901 In
1611 1832 1759 1902 tam
1809 1824 2064 1925 exigua
2110 1825 2308 1924 copia
2358 1824 2980 1901 instrumentorum
3024 1821 3485 1924 cognoscendi
3530 1820 3915 1911 conclusio,
3978 1846 4161 1921 quae
4216 1823 4413 1899 satis-

1369 1946 1580 2044 faciat
1616 1944 1984 2045 postulatis
2023 1943 2426 2043 disciplinae
2461 1951 2819 2022 accuratae
2838 2005 2859 2036 ,
2906 1943 3161 2021 deduci
3203 1941 3487 2042 nequit,
3532 1965 3661 2017 nec
3712 1941 4147 2042 physiologia
4192 1942 4282 2018 de
4334 1968 4419 2020 ea

1367 2092 1444 2144 re
1513 2066 1900 2166 quidquam
1967 2065 2304 2140 affirmare
2375 2071 2645 2164 potest3
2712 2089 2879 2142 nam
2931 2064 3271 2165 quamdiu
3316 2061 3570 2138 modus
3616 2061 4014 2162 incognitus
4074 2069 4217 2152 est,
4270 2088 4417 2163 quo

1365 2183 1818 2284 cogitationes
1885 2185 2060 2260 fiant
2077 2238 2098 2273 ,
2165 2184 2346 2260 duae
2409 2209 2521 2260 res
2589 2184 2896 2260 accidere
2962 2191 3292 2283 possunt,
3342 2225 3446 2242 -
3488 2205 3740 2281 nempe
3758 2240 3779 2271 ,
3842 2190 3923 2258 ut
3982 2188 4101 2258 aut
4144 2183 4413 2282 psyche

1369 2305 1652 2380 omnino
1720 2302 2013 2396 existat,
2081 2327 2261 2404 quae
2315 2329 2360 2380 a
2421 2304 2703 2380 cerebro
2762 2305 3075 2381 seiuncta
3138 2304 3266 2393 sit;
3314 2347 3417 2362 -
3477 2310 3602 2379 aut
3646 2300 3973 2402 cogitatio
4038 2310 4109 2378 et
4174 2303 4409 2378 omnis

1367 2423 1660 2523 psyches
1707 2423 1888 2501 actio
1932 2448 2074 2500 non
2127 2424 2266 2500 nisi
2307 2425 2569 2500 cerebri
2616 2426 2881 2501 functio
2928 2426 3042 2502 sit.
3142 2425 3238 2500 Et
3280 2431 3515 2500 tamen
3556 2423 3661 2498 illi
3713 2431 3901 2498 certo
3950 2422 4062 2500 hic
4102 2447 4413 2522 pronun-

1365 2545 1546 2621 ciare
1611 2545 1917 2635 audent,
1965 2544 2067 2621 ita
2118 2551 2202 2622 ut
2267 2569 2559 2645 quaeras
2578 2605 2599 2636 ,
2648 2569 2823 2622 num
2866 2545 3067 2652 obliti
3128 2545 3271 2622 sint
3338 2544 3623 2645 superbi
3686 2543 3855 2620 dicti
3920 2544 4069 2620 sui:
4148 2573 4183 2614 ιι
4204 2568 4417 2644 argu-

1363 2671 1686 2740 mentum
1721 2688 1810 2740 ex
1854 2662 2330 2740 observatione
2367 2665 2663 2742 ductum
2704 2666 3057 2744 neminem
3092 2665 3397 2765 effugere
3432 2689 3635 2764 posse
3654 2722 3673 2752 ,
3714 2665 3940 2764 ipsam
3976 2689 4131 2740 rem
4160 2665 4419 2742 factam

1361 2783 1478 2862 hic
1529 2782 1906 2866 dominari!
1930 2785 1974 2816 '’
2072 2782 2421 2860 Videntur
2463 2787 2785 2862 omnino!
2870 2786 3011 2863 Sed
3058 2792 3166 2862 est
3208 2785 3701 2886 consequentia
3736 2787 4124 2863 necessaria
4162 2785 4418 2886 princi-

1363 2902 1639 3004 piorum
1688 2903 2110 3005 positorum:
2161 2902 2339 2982 vires
2379 2911 2456 2980 et
2500 2904 2821 2982 materies
2860 2930 2905 2980 a
2956 2929 3032 2980 se
3077 2903 3375 2980 invicem
3418 2902 3698 3002 seiungi
3748 2926 3891 3009 non
3931 2909 4266 3003 possunt,
4314 2947 4421 2966 —

1363 3024 1542 3102 vires
1603 3049 1746 3102 non
1811 3033 1977 3102 sunt
2025 3025 2165 3103 nisi
2223 3025 2677 3128 proprietates
2739 3025 3085 3104 materiae.
3185 3027 3337 3102 Ista
3395 3024 3651 3126 placita
3670 3082 3692 3114 ,
3756 3049 3937 3125 quae
3986 3026 4295 3102 tendunt
4340 3028 4419 3103 in

1361 3145 1805 3246 negationem
1867 3146 2180 3224 numinis
2263 3171 2475 3248 supra
2538 3147 2897 3224 materiem
2958 3145 3169 3249 positi
3186 3206 3208 3236 ,
3270 3146 3482 3224 etiam
3548 3145 3921 3247 perducere
4002 3145 4267 3224 debent
4324 3147 4423 3224 ad

1363 3266 1808 3364 negationem
1869 3267 2130 3344 altioris
2173 3267 2542 3374 cuiusdam
2582 3267 2659 3341 in
2700 3265 2981 3343 homine
3016 3264 3341 3366 principii
3378 3291 3422 3341 a
3460 3265 3743 3342 materie
3798 3266 4093 3366 separati
4108 3323 4129 3354 ,
4174 3273 4249 3342 et
4294 3266 4412 3342 hic

1367 3408 1647 3484 quoque
1704 3386 2098 3490 philosophi
2141 3389 2244 3464 illi
2261 3448 2283 3478 ,
2329 3395 2591 3466 certam
2638 3386 3291 3464 demonstrationem
3348 3387 3779 3487 postulantes
3795 3443 3817 3475 ,
3861 3393 3981 3461 aut
4022 3385 4359 3461 iactantes
4378 3441 4405 3473 ,

1367 3504 1460 3580 ad
1517 3505 1731 3581 fidem
1786 3507 1932 3582 suis
1987 3507 2210 3584 verbis
2263 3507 2658 3585 habendam
2720 3507 3105 3583 demittunt
3170 3531 3333 3582 suos
3392 3506 3791 3606 discipulos.

1467 3623 1654 3701 Cum
1721 3625 2032 3705 doctrina
2093 3629 2182 3704 de
2243 3629 2479 3706 animo
2522 3633 2597 3704 et
2642 3651 2923 3728 corpore
2970 3651 3195 3704 unum
3238 3626 3414 3726 quid
3460 3626 3917 3703 efficientibus
3938 3683 3959 3716 ,
3996 3648 4137 3700 non
4182 3623 4403 3700 divel-

1364 3744 1685 3836 lendum,
1731 3789 1838 3808 --
1879 3754 2037 3824 tum
2097 3749 2410 3826 doctrina
2472 3750 2564 3824 de
2630 3748 2889 3849 psyche
2948 3773 3075 3848 per
3136 3771 3211 3824 se
3270 3753 3629 3824 constante
3648 3805 3670 3838 ,
3733 3748 3795 3823 si
3852 3751 4261 3824 censeantur
4312 3746 4415 3821 ad

1363 3889 1681 3943 normam
1717 3866 2242 3969 disciplinarum
2287 3869 2731 3972 physicarum
2747 3928 2769 3960 ,
2801 3869 3217 3972 hypotheses
3256 3877 3459 3946 sunt:
3503 3869 3627 3944 sed
3668 3867 4061 3968 philosophi
4080 3865 4187 3942 illi
4208 3889 4417 3942 suam

1367 3983 1780 4084 hypothesin
1845 3989 2203 4067 veritatem
2265 4015 2418 4067 esse
2455 3991 2761 4096 jactant.
2860 3991 3121 4067 Nullus
3179 3997 3415 4069 autem
3468 4013 3709 4066 eorum
3762 3987 4197 4064 adversarius
4215 4045 4238 4078 ,
4284 3987 4415 4087 qui

1369 4127 1510 4178 non
1550 4105 1754 4214 plane
1799 4107 1994 4182 rudis
2035 4109 2128 4184 sit
2172 4109 2245 4184 in
2297 4119 2585 4188 naturae
2632 4111 3159 4211 investigatione
3174 4169 3197 4201 ,
3244 4110 3573 4186 defendet
3613 4108 3997 4186 doctrinam
4043 4108 4133 4183 de
4172 4106 4413 4183 animo

1371 4246 1498 4322 per
1559 4247 1635 4298 se
1705 4231 2062 4302 constante
2121 4227 2511 4306 habendam
2576 4255 2727 4306 esse
2776 4230 3133 4308 veritatem
3178 4255 3267 4306 ex
3318 4229 3662 4306 eiusmodi
3708 4228 4243 4329 investigatione
4286 4227 4405 4304 de·
4474 4265 4483 4271 ,

1368 4343 1689 4435 ductam,
1735 4385 1840 4406 --
1883 4343 2156 4422 etiamsi
2200 4347 2336 4424 alia
2385 4348 2530 4440 via,
2598 4374 2811 4450 quam
2870 4358 3157 4428 naturae
3216 4351 3658 4439 revelatione,
3719 4348 3814 4426 ad
3860 4350 4139 4426 firmam
4194 4349 4411 4425 fidem

1361 4462 1432 4538 ei
1477 4461 1870 4540 habendam
1919 4465 2324 4564 pervenerit.

1461 4581 1728 4674 Quodsi
1795 4583 2014 4684 igitur
2079 4587 2383 4687 cognitio
2447 4588 2963 4689 compositionis
3034 4599 3107 4668 et
3171 4592 3545 4668 functionis
3614 4591 3877 4668 cerebri
3895 4650 3916 4681 ,
3985 4632 4086 4648 —
4152 4590 4405 4692 quodsi

1369 4700 1808 4802 investigatio
1871 4703 2338 4806 physiologica
2399 4706 2770 4784 coniuncta
2826 4733 2990 4785 cum
3042 4709 3129 4786 iis
3183 4735 3363 4811 quae
3417 4712 3654 4789 docuit
3701 4713 4050 4789 anatomia
4096 4720 4167 4788 et
4219 4711 4399 4811 phy-

1374 4817 1660 4919 siologia
1701 4832 2095 4924 comparata
2140 4849 2282 4904 non
2325 4826 2539 4904 ducat
2580 4827 2675 4905 ad
2722 4828 3141 4909 evidentiam
3187 4831 3261 4908 in
3324 4831 3437 4910 his
3494 4832 3740 4924 rebus,
3788 4857 4117 4934 quaerere
4164 4853 4403 4932 posse-
