4934 6184
1281 702 1412 772 120
2373 699 2427 770 1.
2494 699 2574 768 A.
2640 699 2711 769 C.
2779 696 3217 770 ROVERS

1272 931 1459 990 anno
1495 907 1708 988 huius
1745 905 1962 986 seculi
1997 904 2345 984 ffioenmo
2377 907 2639 985 mensis
2670 908 2898 986 Iulius
2929 932 3040 986 res
3072 905 3313 986 attulit
3353 903 3631 1008 utrique
3668 907 3837 984 satis
3870 906 4192 986 molestas
4224 910 4319 1004 ¹).

1267 1033 1461 1110 Ante
1505 1030 1634 1107 hos
1673 1035 1816 1104 tres
1858 1050 2082 1104 annos
2125 1025 2430 1104 Societas
2448 1085 2472 1118 ,
2520 1052 2701 1126 quae
2744 1055 2794 1103 a
2819 1054 3003 1128 pace
3046 1029 3299 1104 tuenda
3338 1049 3595 1102 nomen
3636 1026 3849 1104 habet
3868 1085 3889 1117 ,
3938 1051 4195 1129 magua
4236 1029 4315 1106 in

1269 1175 1396 1253 spe
1464 1156 1614 1227 erat
1686 1147 1832 1225 fore
1849 1204 1872 1239 ‚
1941 1154 2026 1224 ut
2093 1147 2432 1224 bellorum
2500 1147 2639 1224 nisi
2700 1173 2909 1226 causa
2927 1205 2949 1239 ,
3010 1155 3195 1226 certe
3262 1147 3813 1248 opportunitates
3878 1129 4311 1226 tollerentur.

1267 1269 1688 1346 Plauserunt
1754 1267 2001 1358 multi,
2067 1290 2367 1368 quorum
2431 1274 2669 1343 tamen
2724 1266 3169 1344 acutissimus
3214 1267 3514 1368 quisque
3560 1267 3783 1344 laetus
3833 1269 4313 1370 praedicabat,

1265 1414 1514 1468 nervos
1553 1387 1722 1466 belli
1762 1367 2125 1464 defuturos
2173 1411 2348 1464 esse.
2449 1386 2590 1462 Sed
2634 1411 2773 1463 non
2825 1387 3198 1464 defuerunt
3237 1386 3361 1466 illi.
3457 1387 3849 1466 Paucorum
3896 1389 4195 1466 astutiae
4236 1399 4315 1464 et

1267 1507 1634 1586 ambitioni
1689 1508 1898 1586 cessit
1957 1505 2170 1596 verba
2239 1506 2406 1582 dare
2469 1506 2757 1597 ceteris,
2821 1515 2895 1584 et
2938 1508 3239 1608 patriae,
3290 1505 3608 1598 honoris,
3657 1507 3997 1584 libertatis
4040 1509 4314 1610 religio-

1267 1630 1520 1731 nisque
1573 1629 1856 1704 nomine
1899 1627 2138 1729 copiae
2179 1627 2258 1703 in
2309 1627 2527 1704 aciem
2576 1627 2829 1704 ductoe
2869 1633 3076 1719 sunt,
3125 1633 3237 1718 et,
3286 1650 3511 1729 quum
3562 1627 4087 1705 innumerorum
4132 1629 4314 1704 mili·

1267 1757 1424 1827 tum
1490 1746 1832 1849 sanguine
1889 1745 2218 1824 madebat
2262 1753 2479 1839 terra,
2545 1747 2809 1882 placuit
2850 1747 3093 1848 gratiis
3130 1747 3287 1825 Deo
3322 1771 3449 1850 pro
3486 1747 3769 1826 victoria
3808 1747 4098 1850 agendis
4138 1748 4316 1824 illud

1269 1869 1742 1971 spectaculum
1803 1867 2041 1958 edere,
2077 1865 2310 1944 cuius
2366 1865 2665 1966 ineptias
2724 1867 2799 1941 in
2864 1865 3333 1969 disputatione
3400 1866 3491 1943 de
3544 1866 3867 1944 absurdis
3929 1867 4314 1944 multorum

1265 1989 1592 2092 precibus
1647 1988 1946 2090 graviter
1989 1985 2392 2088 perstrinxit
2439 1987 2573 2064 Fa.
2628 1985 3263 2064 Hausrnanusms
3308 1989 3401 2080 ⁸).
3514 1986 3653 2064 His
3700 1987 4036 2090 exemplis
4094 1987 4316 2064 moni-

1265 2118 1388 2187 tus
1404 2168 1427 2200 ‚
1474 2110 1730 2186 iterum
1777 2130 2034 2207 quaero
2077 2105 2168 2181 de
2215 2113 2452 2182 nostra
2499 2105 2749 2184 horum
2800 2113 3193 2208 temporum
3238 2105 3561 2198 scientia,
3596 2116 3670 2184 et
3710 2131 3869 2183 vero
3914 2107 4093 2184 hanc
4132 2107 4316 2184 addo

1269 2227 1785 2330 quaestionem:
1843 2225 1907 2302 si
1963 2249 2290 2328 praesens
2347 2233 2539 2302 aetas
2583 2211 3135 2326 intelligentibus
3178 2225 3513 2328 nulloque
3554 2227 3863 2329 partium
3910 2226 4142 2304 studio
4190 2229 4314 2304 ob-

1268 2349 1564 2427 caecatis
1633 2344 1986 2424 iudicibus
2048 2344 2487 2445 aliquantum
2552 2345 2721 2422 boni
2766 2345 3048 2422 seminis
3102 2331 3455 2424 continere
3498 2347 3773 2424 videtur
3787 2406 3810 2439 ,
3856 2347 4119 2425 nihilne
4160 2372 4317 2449 pro-

1269 2477 1508 2570 pterea
1537 2466 1871 2568 turgescit
1886 2465 1968 2542 'in
1993 2465 2179 2566 agris
2216 2473 2288 2541 et
2327 2465 2468 2543 iam
2509 2465 2809 2568 pullulat
2826 2525 2849 2556 ,
2886 2466 3079 2566 quod
3112 2465 3385 2544 fructus
3419 2467 3595 2544 feret
3628 2467 3910 2545 acerbos
3938 2476 4010 2544 et
4035 2468 4317 2545 noxios?

1269 2590 1463 2667 velut
1503 2588 1582 2664 in
1628 2587 1975 2690 praeclaro
2001 2584 2262 2688 ‚studio
2321 2585 2661 2664 libertatis
2714 2585 2974 2664 satisne
3032 2573 3257 2689 ipsius
3319 2587 3658 2664 libertatis
3708 2587 4049 2665 modestis
4094 2595 4319 2664 atten-

1271 2711 1464 2786 ditur
1505 2715 1579 2786 et
1619 2707 1846 2810 pudor
1883 2714 1957 2784 et
1997 2706 2091 2783 ad
2133 2705 2462 2784 virtutem
2504 2707 2807 2799 indoles,
2858 2731 3041 2808 quae
3086 2705 3453 2784 minimam
3496 2709 3671 2785 adeo
3712 2707 4037 2786 iniuriam
4082 2734 4321 2811 passa,

1271 2829 1620 2932 extemplo
1661 2827 1958 2906 cultores
2001 2825 2372 2904 destituit?
2417 2827 2753 2906 eademne
2799 2827 3184 2904 officiorum
3225 2851 3407 2928 quae
3448 2826 3709 2904 iurium
3752 2827 4323 2906 vindicandorum

1269 2949 1514 3052 religio
1563 2949 1719 3026 est?
1765 2971 2116 3048 nusquam
2183 2946 2354 3024 haec
2402 2947 2680 3049 propria
2696 3006 2719 3039 ,
2780 2947 2903 3024 illa
2951 2947 3175 3024 aliena
3236 2947 3422 3025 bona
3470 2973 3623 3025 esse
3666 2949 4037 3026 videntur?
4084 2956 4323 3026 utrum

1270 3069 1467 3172 prius
1527 3069 1901 3169 potiusque
1960 3074 2071 3143 est
2085 3124 2107 3157 ‚
2159 3065 2510 3143 hominem
2574 3091 2725 3144 esse
2772 3091 2863 3144 an
2908 3081 3171 3144 munus
3221 3065 3296 3143 in
3348 3069 3625 3145 civitate
3674 3067 3916 3146 obire?
3960 3068 4211 3170 opibus
4252 3079 4325 3146 et

1273 3189 1682 3266 auctoritate
1727 3187 1972 3263 florere
2013 3211 2103 3264 an
2151 3185 2251 3262 sic
2295 3185 2491 3263 omni
2536 3187 2819 3264 nomine
2860 3185 3129 3264 cultum
3172 3209 3323 3264 esse
3338 3246 3361 3278 ,
3408 3197 3492 3264 ut
3530 3189 3847 3290 utrisque
3882 3190 3978 3266 sis
4020 3189 4325 3290 dignus?

1144 3361 1160 3374 .
1271 3308 1556 3408 ingenio
1599 3307 1930 3384 excellere
1949 3364 1971 3396 ,
2035 3306 2228 3406 quod
2284 3331 2426 3382 non
2483 3312 2725 3388 tuetur
2770 3331 2814 3384 a
2876 3306 3197 3384 sordibus
3244 3309 3721 3388 consectandis
3740 3369 3761 3401 ,
3811 3335 3903 3387 an
3954 3309 4169 3388 animi
4210 3334 4321 3386 ro·

1275 3425 1444 3502 bore
1475 3427 1832 3503 firmatum
1868 3425 2364 3528 praestantiam
2401 3425 2669 3527 ingenii
2704 3427 2798 3504 ad
2840 3449 3116 3506 summa
3152 3453 3471 3529 quaeque
3508 3430 3995 3532 consequenda
4026 3429 4323 3504 referre?

1274 3545 1550 3647 aquilae
1595 3547 1864 3624 volatus
1907 3545 2353 3623 altitudinem
2398 3545 2747 3649 suspicere
2794 3571 2885 3622 an
2928 3547 3242 3624 eiusdem
3261 3606 3284 3639 ,
3332 3549 3555 3624 ventis
3598 3550 3920 3626 secundis
3936 3608 3957 3640 ‚
4002 3541 4321 3626 constan-

1258 3667 1448 3744 ·tiam
1486 3674 1560 3743 et
1597 3665 2225 3767 tranquillitatem?
2323 3666 2509 3743 Nolo
2550 3666 2721 3744 haec
2766 3667 3087 3744 dirimere
3102 3719 3127 3760 ‚
3166 3667 3292 3746 sed
3334 3668 3434 3745 sic
3484 3675 3715 3746 statuo
3730 3728 3753 3758 ‚
3800 3694 3943 3769 quo
3983 3669 4145 3770 plus
4186 3668 4321 3742 fer-

1276 3787 1457 3864 voris
1503 3795 1578 3864 et
1623 3785 2024 3888 agitationis
2075 3785 2168 3862 sit
2185 3844 2207 3876 ‚
2257 3810 2539 3888 quoque
2592 3787 2819 3863 acrius
2867 3787 3195 3866 contendi
3246 3789 3561 3864 videatur
3598 3789 3691 3866 ad
3738 3811 3995 3864 novum
4038 3787 4325 3887 aliquod

1276 3907 1580 3984 stadium
1641 3907 2177 4007 ingrediendum
2192 3964 2215 3997 ,
2277 3931 2360 3984 eo
2405 3908 2665 3984 maiore
2719 3933 2851 4010 ope
2896 3908 3267 3986 nitendum
3318 3933 3469 3986 esse
3486 3968 3505 3998 ,
3554 3916 3637 3984 ut
3682 3908 4018 4010 sapientia
4060 3907 4320 3984 seculo-

1277 4051 1438 4102 rum
1497 4025 1908 4104 nutriamur.
2023 4027 2292 4104 Verum
2357 4027 2569 4104 huius
2634 4028 3019 4106 sententiae
3080 4053 3325 4106 causas
3380 4053 3577 4106 meae
3639 4054 3755 4105 me
3821 4029 4061 4106 afferre
4124 4028 4322 4104 iubet

1280 4146 1632 4222 Orationis
1675 4153 2191 4246 argumentum.
2306 4148 2497 4224 Nam
2555 4147 2631 4222 in
2690 4148 2917 4249 ipsam
2962 4147 3531 4250 Historiologiam
3576 4149 3827 4238 incidi,
3892 4173 4103 4249 quam
4158 4149 4321 4223 huic

1277 4263 1492 4342 aetati
1538 4289 1814 4341 summo
1861 4265 2010 4342 loco
2055 4263 2448 4342 habendam
2492 4291 2643 4342 esse
2687 4267 2999 4346 arbitror.

1365 4595 1418 4672 ¹)
1458 4599 1622 4658 Βδιιι.
1638 4595 1832 4656 Geeck.
1860 4595 2006 4658 nach
2044 4597 2224 4660 Nm.
2252 4599 2450 4662 γονέι.
2469 4596 2662 4660 bearb.
2687 4617 2795 4660 von
2816 4599 3111 4674 Senium,
3132 4619 3231 4666 am
3249 4599 3378 4663 dem
3401 4602 3571 4682 Engl.
3597 4623 3706 4664 von
3729 4605 3921 4674 sts,
3943 4603 4066 4676 111,
4090 4609 4207 4663 423
4225 4648 4239 4674 ,
4262 4610 4323 4663 et

1277 4691 1601 4753 Mroanur
1639 4691 1704 4752 in
1743 4711 1971 4755 censura
2009 4695 2192 4776 operis
2229 4695 2381 4758 doct.
2423 4711 2545 4758 von
2576 4695 2987 4758 Cnsszxowsxr
3000 4741 3017 4772 ,
3054 4717 3197 4778 quae
3228 4701 3411 4761 exstat
3444 4697 3505 4760 in
3538 4699 3736 4760 Jahrb.
3760 4702 3879 4774 fiir
3918 4699 4327 4771 wissenschaft-

1279 4787 1420 4846 lr’cle
1457 4785 1684 4858 Kritik,
1727 4787 1878 4849 Nor.
1922 4791 2112 4863 1888,
2139 4811 2210 4872 Gp·
2257 4793 2376 4859 '194
2411 4813 2530 4876 seq.

1361 4881 1418 4958 ²)
1455 4883 1654 4944 Lauro
1687 4901 1786 4944 eur
1823 4883 2064 4947 Pho-nne
2101 4893 2160 4949 el
2197 4905 2286 4951 m
2323 4896 2624 4970 rappodo,
2664 4889 2731 4965 1,
2774 4891 2913 4952 218.
2954 4888 3043 4952 od.
3081 4890 3207 4952 Par.
