4934 6184
1816 699 2371 768 ORATIO.
3498 703 3626 767 221

598 911 948 988 dialectica
1009 918 1162 985 tum
1222 906 1612 1007 improbata
1675 911 2142 1006 superstructa
2185 907 2520 996 fuissent3
2583 929 2723 981 non
2770 906 3127 1007 abrogavit
3176 906 3411 982 studia
3454 906 3627 982 iuris

599 1032 938 1122 Romani,
1005 1055 1186 1130 quae
1249 1027 1479 1104 medio
1538 1051 1706 1104 aevo
1764 1052 2149 1127 numquam
2210 1029 2417 1128 plane
2488 1035 2945 1117 evanuerant,
3013 1035 3086 1103 et
3144 1027 3415 1103 saeculo
3477 1026 3629 1102 XII

595 1152 949 1228 Bononiae
1017 1149 1296 1251 egregie
1355 1149 1632 1224 fuerant
1691 1147 1966 1224 exculta
1984 1207 2005 1238 ,
2064 1173 2204 1224 non
2254 1149 2582 1224 annm
2601 1207 2621 1238 ,
2670 1173 2810 1224 non
2854 1147 3434 1236 Hu’rocna‘rmu,
3482 1171 3625 1223 non

595 1275 966 1348 Garanum
1025 1270 1301 1378 sprevit.
1402 1270 1558 1344 Imo
1609 1275 1807 1344 tanta
1845 1269 1980 1344 fuit
2021 1277 2094 1344 et
2138 1277 2292 1344 tum
2342 1276 2414 1344 et
2457 1269 2681 1344 multo
2728 1277 2885 1368 post
2933 1268 3278 1344 veneratio
3326 1267 3626 1366 antiqui-

592 1393 756 1468 tatis
775 1451 796 1480 ,
865 1398 950 1465 ut
1011 1391 1114 1466 illi
1177 1389 1386 1466 etiam
1411 1447 1432 1478 ,
1483 1389 1607 1488 qui
1649 1388 1918 1464 facilius
1963 1390 2114 1464 eius
2161 1389 2314 1464 luce
2365 1389 2791 1476 caruissent,
2856 1388 3029 1462 dum
3078 1394 3341 1462 veteres
3387 1410 3623 1461 aemu-

595 1511 902 1586 larentur
967 1519 1054 1585 et'
1101 1510 1226 1585 diu
1293 1533 1367 1585 88
1431 1509 1518 1584 118
1571 1509 1922 1584 inferiores
1977 1515 2338 1608 putarent,
2391 1508 2649 1584 sensim
2690 1508 3187 1584 adscenderent
3228 1529 3389 1581 eum
3436 1529 3627 1605 prae-

595 1631 886 1706 stantiae
943 1629 1236 1729 gradum
1259 1688 1280 1720 ,
1343 1629 1414 1705 in
1486 1653 1628 1729 quo
1683 1629 1886 1730 longe
1947 1629 2300 1728 magistris
2361 1637 2529 1704 sunt
2586 1627 3071 1728 anteponendi.
3172 1627 3497 1725 Cumque
3536 1625 3625 1712 ii,

597 1751 854 1849 quibus
909 1749 1152 1850 lingua
1197 1751 1460 1825 Graeca
1507 1773 1756 1849 parum
1803 1756 1950 1824 erat
2001 1749 2280 1848 cognita
2303 1806 2324 1838 ,
2371 1756 2497 1825 aut
2544 1751 2811 1826 Graeca
2850 1749 3267 1847 exemplaria
3314 1747 3629 1833 deerant,

597 1894 720 1969 per
782 1868 1114 1945 Latinum
1159 1892 1542 1944 sermonem
1583 1891 1746 1943 cum
1795 1869 2216 1942 Graecorum
2259 1867 2533 1966 placitis
2582 1877 2653 1944 et
2700 1869 3011 1944 doctrina
3054 1867 3629 1944 consuetudinem

591 1988 926 2064 haberent
942 2047 962 2077 ,
1025 1987 1436 2063 recentiores
1497 1995 1732 2062 autem
1793 1987 2072 2085 linguae
2139 2010 2386 2085 parum
2449 1995 2685 2062 essent
2756 1995 2961 2064 notae
2980 2047 3001 2078 ,
3072 1987 3317 2088 sponte
3362 1994 3434 2061 et
3478 1987 3631 2085 ipsa

591 2107 689 2180 rei
735 2114 984 2182 natura
1031 2116 1325 2205 cogente
1373 2108 1848 2182 Romanorum
1893 2105 2134 2204 lingua
2171 2129 2295 2203 per
2327 2107 2681 2204 Europam
2718 2107 3085 2206 imperium
3125 2106 3392 2194 tenuit,
3441 2105 3632 2204 quod

589 2250 710 2325 per
775 2224 1130 2324 superiora
1199 2223 1470 2300 saecula
1543 2224 1920 2312 habuerat,
1994 2233 2066 2298 et
2131 2223 2340 2323 primi
2411 2224 2867 2301 humanitatis
2938 2233 3483 2325 propugnatores
3548 2251 3635 2298 ex

588 2343 792 2418 Italia
859 2344 1180 2418 notitiam
1243 2343 1680 2442 antiquitatis
1729 2351 1802 2418 et
1849 2343 2160 2417 culturae
2218 2343 2418 2418 initia
2474 2368 2597 2442 per
2642 2351 2861 2419 totam
2907 2345 3262 2442 Europam
3314 2369 3633 2442 spargere

587 2471 968 2563 potuerunt
987 2521 1008 2550 ,
1079 2487 1300 2561 quum
1359 2487 1482 2561 per
1542 2462 1820 2561 linguae
1873 2463 2432 2537 communionem
2488 2461 2819 2537 omnibus
2864 2463 2955 2538 ad
3007 2463 3362 2538 interiores
3414 2464 3629 2538 scien-

587 2583 726 2658 tiae
765 2606 1076 2658 recessus
1117 2582 1352 2658 aditus
1395 2589 1684 2682 pateret.

562 2746 577 2762 ·
687 2704 940 2802 Neque
999 2703 1336 2779 sermonis
1398 2701 1632 2779 Iatini
1685 2726 1866 2778 ,118118
1905 2701 1994 2778 118
2045 2701 2737 2780 circumscribebatur
2782 2702 3219 2804 temporibus
3237 2761 3258 2791 ‚
3307 2727 3487 2802 quae
3532 2727 3635 2778 re-

595 2830 842 2899 natum
915 2821 1230 2898 studium
1299 2822 1686 2898 litterarum
1733 2821 2044 2922 proxime
2087 2832 2326 2910 secuta
2379 2832 2565 2899 sunt.
2665 2823 3042 2899 Renovatis
3086 2823 3372 2922 quidem
3430 2823 3638 2898 sacris

591 2943 914 3018 effectum
975 2950 1084 3018 est
1103 2999 1126 3032 ‚
1187 2950 1271 3017 ut
1323 2943 1684 3018 rudiorum
1735 2941 2098 3017 hominum
2142 2967 2352 3020 eausa
2393 2943 2806 3020 recentiores
2848 2943 3129 3044 linguae
3172 2943 3395 3044 magis
3437 2967 3636 3018 exco-

589 3063 930 3151 lerentur3
997 3069 1233 3138 tamen
1290 3069 1568 3139 tantum
1615 3062 1878 3152 abfuit,
1943 3070 2026 3136 ut
2070 3087 2152 3138 ea
2195 3087 2270 3138 re
2315 3063 2701 3162 quidquam
2748 3063 2837 3140 de
2883 3063 3139 3138 honore
3178 3062 3469 3138 Latinae
3517 3062 3635 3136 de-

589 3182 976 3258 traheretur
993 3241 1016 3273 ,
1069 3191 1152 3258 ut
1180 3182 1526 3284 principes
1554 3183 1740 3258 illius
1769 3181 2016 3258 aetatis
2044 3183 2210 3274 viri,
2259 3183 2697 3283 antiquitatis
2726 3207 2932 3259 succo
2959 3181 3245 3273 nutriti,
3284 3183 3636 3257 Enasnms

589 3309 662 3378 et
712 3303 1385 3380 Mnnancnrnonus
1405 3361 1426 3392 ,
1476 3303 1744 3378 artibus
1785 3310 2080 3402 uterque
2121 3302 2635 3380 conscribendis
2654 3360 2676 3392 ,
2730 3303 2843 3378 hic
2887 3302 3097 3378 etiam
3138 3302 3636 3402 discipulorum

587 3422 974 3521 frequentia
1039 3428 1113 3496 et
1191 3445 1516 3498 successu
1584 3445 1726 3497 non
1797 3423 2037 3498 minus
2105 3421 2432 3502 ecclesiae
2498 3423 3052 3499 emendationem
3124 3447 3337 3523 quam
3406 3421 3638 3498 studia

587 3541 876 3618 Latinae
942 3541 1224 3641 linguae
1283 3541 1360 3614 111
1425 3540 1676 3617 88118118
1747 3542 2234 3642 promoverint.
2353 3541 2493 3617 His
2550 3545 2788 3619 autem
2848 3543 2973 3643 qui
3034 3567 3200 3619 mox
3262 3541 3637 3618 adversarii

588 3663 1004 3738 exstiterunt
1066 3660 1373 3736 Iesuitae
1439 3660 1666 3737 multo
1723 3661 1934 3738 etiam
1979 3661 2208 3760 magis
2253 3661 2569 3737 eiusdem
2630 3663 2967 3738 sermonis
3012 3663 3391 3761 puritatem
3434 3685 3630 3734 cura-

588 3782 762 3858 bant
827 3789 898 3855 et
960 3779 1447 3857 sinceritatem.
1544 3778 1746 3854 Adeo
1815 3787 1964 3855 erat
2013 3779 2134 3856 illa
2193 3778 2281 3854 de
2343 3779 2599 3854 virtute
2664 3780 2849 3855 illius
2906 3780 3185 3880 linguae
3230 3778 3634 3854 confirmata

589 3899 824 3998 opinio
845 3956 870 3988 ,
935 3905 1020 3972 ut
1077 3897 1260 3973 inter
1323 3897 1504 3972 viros
1522 3955 1545 3988 ‚
1602 3897 1728 3999 qui
1783 3898 1856 3974 in
1905 3897 2254 3998 plerisque
2305 3898 2517 3974 rebus
2562 3905 2634 3974 et
2676 3897 3097 3998 gravissimis
3142 3896 3629 3987 dissentirent,

590 4020 721 4096 hoc
762 4026 999 4095 tamen
1047 4017 1464 4096 conveniret.
1561 4019 1651 4093 In
1692 4018 1864 4094 iuris
1908 4027 2147 4095 autem
2191 4017 2557 4119 disciplina
2598 4042 2812 4120 quam
2855 4018 3034 4094 altas
3074 4016 3338 4094 radices
3384 4018 3629 4093 eadem

593 4139 828 4216 studia
873 4139 1182 4240 egerint,
1233 4137 1296 4214 si
1337 4137 1534 4214 vobis
1572 4139 1814 4214 multis
1852 4138 2322 4214 demonstrare
2364 4137 2567 4214 velim
2589 4197 2610 4228 ,
2660 4163 2891 4216 vereor
2929 4163 3021 4215 ne
3058 4163 3341 4240 operam
3374 4138 3633 4214 frustra

590 4261 962 4336 insumam.
1029 4259 1148 4334 Ad
1164 4257 1494 4334 *medium
1523 4282 1744 4359 paene
1785 4259 2140 4336 saeculum
2175 4257 2353 4334 XVI
2391 4258 2505 4334 ius
2542 4259 2943 4337 Romanum
2989 4267 3061 4336 et
3095 4260 3336 4361 lingua
3376 4257 3630 4334 Iatina

592 4380 740 4457 sine
805 4379 1224 4456 detrimento
1277 4377 1452 4454 iuris
1515 4379 1724 4478 patrii
1777 4381 1980 4456 unice
2039 4379 2266 4481 viguit
2313 4404 2456 4457 non
2514 4379 2723 4456 modo
2772 4380 2851 4456 in
2902 4388 3247 4482 suggestu
3293 4378 3629 4479 professo-

591 4510 794 4588 rum,
843 4497 1038 4590 sed
1015 4523 1092 4574 111
1131 4497 1478 4574 subselliis
1521 4497 1874 4592 iudicum;
1921 4500 2022 4576 ita
2059 4508 2244 4576 certe
2278 4500 2354 4574 in
2397 4499 2627 4577 Gallia
2664 4500 2929 4577 factum
2968 4499 3398 4600 accepimus,
3448 4521 3628 4599 quae

592 4627 827 4696 tamen
897 4618 1144 4696 eadem
1210 4616 1554 4694 maturius
1621 4619 1880 4694 exculti
1939 4617 2272 4696 sermonis
2327 4619 2536 4719 patrii
2585 4618 2865 4698 laudem
2920 4618 3059 4695 sibi
3106 4617 3441 4708 vindicat3
3504 4618 3630 4720 qui

594 4739 880 4838 quidem
947 4763 1174 4816 sermo
1229 4761 1442 4839 quam
1495 4738 1878 4814 verecunde
1923 4749 1998 4815 et
2035 4738 2236 4838 quasi
2281 4737 2711 4838 pedetentim
2748 4765 2837 4816 ex
2881 4738 3131 4816 umbra
3178 4739 3625 4876 processerit,

593 4859 703 4935 vel
749 4858 912 4937 hinc
959 4860 1370 4963 intelligitur
1390 4917 1413 4954 ,
1459 4858 1650 4962 quod
1690 4867 1970 4938 centum
2017 4859 2218 4940 annis
2255 4866 2415 4962 post
2451 4865 2681 4940 orator
2696 4917 2719 4954 ,
2766 4860 2891 4963 qui
2934 4859 3008 4938 in
3052 4859 3239 4962 regis
3280 4859 3440 4938 aula
3476 4883 3623 4938 ver·

3577 5078 3621 5085 ..q-
