4934 6184
1342 621 1426 690 16
2429 617 3287 688 &VISSERING

1345 852 1624 930 quoque
1693 825 2098 926 pecuniosos
2169 822 2485 898 homines
2544 823 2793 896 misere
2848 829 3215 921 querentes
3264 822 3633 898 audiamus
3656 881 3677 912 ,
3728 849 3878 899 sese
3926 825 4189 900 nescire
4234 851 4379 925 quo

1347 947 1610 1024 utiliter
1675 945 2042 1046 pecuniam
2103 951 2394 1018 vertant.
2497 941 2694 1021 Quid
2754 966 2962 1019 onera
3018 943 3297 1042 publica
3314 944 3349 1016 P
3416 985 3519 1002 —-
3584 944 4109 1043 quadruplicata
4172 959 4339 1020 sunt
4354 981 4375 1036 ;

1345 1067 1520 1167 quid
1579 1090 1696 1141 aes
1762 1065 2122 1141 alienum?
2178 1107 2278 1122 —
2331 1063 2406 1136 in
2453 1062 2877 1138 immensum
2928 1063 3263 1151 excrevit3
3314 1069 3553 1137 tamen
3596 1063 3713 1138 illa
3760 1064 4119 1154 feruntur-3
4168 1066 4379 1142 huius

1345 1185 1522 1261 fides
1583 1185 1784 1259 firma
1837 1191 1994 1257 stat.
2096 1182 2294 1261 Quid
2353 1183 2442 1258 de
2508 1206 2675 1257 cura
2733 1184 3174 1282 pauperum?
3253 1183 3453 1258 Adeo
3504 1183 3959 1258 immoderate
4000 1186 4380 1283 exspatiata

1349 1313 1495 1393 est,
1546 1312 1628 1378 ut
1677 1303 1787 1376 vel
1833 1301 2108 1400 legibus
2152 1300 2457 1375 cohiberi
2501 1327 2655 1376 eam
2712 1310 3024 1399 oportere
3070 1301 3297 1376 visum
3350 1303 3461 1377 sit.
3560 1302 3719 1377 Hoc
3758 1305 3985 1378 solum
4031 1314 4381 1382 mutatum

1347 1433 1472 1500 est.
1573 1424 1860 1497 Frustra
1913 1420 2392 1495 obnitentibus
2451 1420 2743 1495 civibus'
2766 1420 3231 1496 Leidensibus
3250 1479 3271 1510 ,
3322 1430 3545 1508 tamen
3606 1424 3987 1499 exsiccatus
4042 1433 4149 1499 est
4190 1427 4379 1502 lacus

1345 1542 1864 1629 Harlemensis;
1933 1540 2122 1640 quod
2162 1548 2400 1615 autem
2443 1565 2633 1616 nunc
2677 1540 3060 1616 moliuntur
3109 1542 3241 1617 hoc
3288 1549 3397 1616 est
3414 1599 3435 1630 ,
3500 1548 3583 1614 ut
3628 1568 3871 1619 omnes
3914 1545 4118 1620 ardui
4156 1546 4378 1644 operis

1351 1665 1620 1740 fructus
1657 1663 1734 1736 in
1779 1686 1854 1736 se
1899 1661 2079 1734 solos
2124 1659 2537 1736 redundent.

1447 1909 1664 1980 Recte
1733 1910 1970 1980 monet
2029 1902 2146 1976 ille
2168 1959 2189 1988 ,
2258 1903 2347 1976 A.
2401 1903 2491 1976 A.
2566 1945 2669 1964 --
2730 1903 2871 1978 Sed
2928 1904 3097 1978 haec
3164 1902 3407 1978 eadem
3428 1960 3449 1989 ‚
3517 1927 3698 2002 quae
3760 1904 3961 1979 nobis
4016 1906 4217 1980 hodie
4268 1907 4382 1982 vix

1349 2032 1738 2102 memoratu
1769 2024 1982 2122 digna
2011 2021 2396 2110 habentur,
2448 2047 2590 2121 quo
2628 2031 2937 2123 tempore
2974 2023 3319 2098 scribebat
3362 2022 3740 2097 'I'mmnus
3780 2025 4107 2098 omnibus
4132 2026 4381 2100 exteris

1349 2145 1662 2222 inaudita
1725 2151 1796 2218 et
1841 2143 1982 2217 fere
2031 2143 2424 2242 prodigiosa
2473 2143 2693 2218 videri
2736 2143 3132 2232 debebant,
3198 2142 3765 2242 comparantibus
3806 2168 3969 2218 cum
4012 2145 4164 2219 istis
4208 2171 4383 2244 quae

1347 2266 1423 2340 in
1475 2289 1602 2340 sua
1647 2263 1942 2363 quisque
1988 2263 2210 2362 patria
2251 2264 2599 2362 reperiret.
2704 2263 2947 2352 Italos,
2988 2263 3343 2362 Hispanos
3363 2322 3383 2352 ,
3432 2265 3817 2336 Germanos
3862 2265 4087 2340 mitto.
4190 2267 4383 2340 Tau-

1349 2409 1562 2462 rmus
1623 2385 1774 2484 ipse
1832 2383 2121 2483 opponit
2177 2383 2627 2458 Hollandiam
2676 2382 3097 2471 Hibernia03
3151 2391 3225 2456 at
3269 2407 3613 2482 opponere
3658 2382 4015 2458 debuisset
4056 2385 4191 2482 ipsi
4231 2385 4384 2459 Bri-

1351 2505 1630 2580 tanniae
1675 2510 1746 2578 et
1790 2503 2074 2578 Galliae.
2141 2503 2304 2576 Non
2346 2509 2497 2592 est,
2542 2509 2623 2576 ut
2663 2502 2911 2577 harum
2937 2502 3299 2602 regionum
3327 2528 3411 2576 ea
3444 2510 3855 2602 tempestate
3886 2505 4347 2581 conditionem
4364 2564 4385 2595 ‚

1349 2633 1434 2702 ut
1493 2623 1929 2725 cognoscitur
1992 2648 2031 2697 e
2095 2623 2336 2697 multis
2403 2622 2799 2721 aequalium
2860 2621 3129 2722 scriptis
3148 2680 3167 2711 ,
3218 2622 3731 2720 copiose‘nunc
3783 2649 4141 2724 exponam.
4242 2626 4386 2700 Sed

1353 2771 1393 2820 e
1459 2745 1702 2846 paucis
1761 2743 2004 2818 discite
2071 2751 2358 2818 caetera.
2462 2742 2729 2816 Galliae
2776 2742 3087 2840 Magnus
3130 2741 3263 2817 iste
3309 2767 3433 2816 rex
3474 2742 3901 2820 Lunovrcus
3924 2803 3945 2832 ,
3991 2746 4119 2844 qui
4160 2770 4234 2818 se
4279 2745 4390 2819 vel

1351 2863 1516 2940 solis
1581 2862 1799 2936 instar
1863 2859 2221 2960 splendere
2270 2859 2731 2959 gloriabatur,
2798 2860 3137 2934 exhausto
3191 2885 3461 2960 semper
3512 2864 3771 2938 aerario
3820 2874 3917 2939 et.
3940 2865 4189 2940 obruto
4234 2889 4387 2940 aere

1352 2982 1578 3057 alieno
1603 3039 1622 3068 ,
1693 2979 1888 3054 nulla
1949 3003 2266 3076 unquam
2331 2979 2472 3053 fide
2538 2979 2780 3053 habita
2836 3005 3001 3078 erga
3064 2980 3433 3056 creditores
3457 3041 3477 3071 ,
3544 3008 3627 3058 eo
3684 2982 3968 3058 tandem
4017 2984 4389 3082 aliquando

1352 3099 1706 3202 pervenit,
1757 3104 1862 3172 ut·
1885 3097 2164 3172 nonnisi
2217 3097 2851 3198 quadringenorum
2894 3099 2970 3173 in
3016 3108 3299 3176 centum
3347 3100 3695 3202 pollicitus
3742 3128 3985 3178 usuras
4022 3104 4387 3203 pecuniam

1353 3205 1626 3298 sumere
1663 3226 1898 3319 posset
1921 3219 2046 3313 ³8).
2133 3217 2352 3292 Miser
2391 3225 2627 3293 autem
2668 3219 2967 3317 populus
3014 3221 3300 3312 (scilicet
3332 3231 3525 3298 extra
3546 3223 3896 3299 Lutetiam
3919 3283 3938 3312 ‚
3990 3249 4166 3322 quae
4204 3223 4389 3322 regis

1353 3340 1709 3442 opulentia
1768 3338 2234 3438 qualicunque
2294 3339 2577 3413 tandem
2644 3339 2853 3413 modo
2912 3340 3251 3435 alebatur)
3306 3367 3445 3418 non
3497 3368 3650 3418 raro
3698 3369 3778 3418 eo
3832 3345 4151 3419 redactus
4200 3351 4347 3418 erat
4366 3402 4386 3432 ,

1353 3468 1434 3536 ut
1503 3485 1626 3560 per
1684 3459 1888 3534 silvas
1945 3466 2018 3534 et
2075 3483 2354 3558 campos
2415 3460 2737 3559 vagantia
2790 3461 3070 3560 agmina
3130 3461 3361 3536 herbis
3410 3470 3481 3538 et
3532 3465 3859 3540 arborum
3903 3464 4271 3538 corticibus
4318 3471 4389 3538 et

1359 3578 1809 3656 cadaveribus
1859 3579 2239 3655 bestiarum
2280 3579 2539 3654 famem
2586 3581 2923 3678 expellere
2973 3591 3303 3680 cuperent
3323 3642 3343 3672 ,
3394 3592 3465 3660 et
3514 3587 3789 3660 centeni
3832 3585 4062 3660 inedia
4098 3585 4387 3660 confecti

1352 3701 1425 3775 in
1472 3699 1600 3774 viis
1652 3701 1952 3774 iacerent
1999 3699 2330 3799 insepulti
2366 3701 2489 3793 ³⁹).
2540 3744 2642 3760 —-
2690 3702 2777 3775 In
2830 3701 3193 3778 Britannia
3240 3712 3423 3778 certe
3471 3705 3611 3779 iam
3652 3713 3820 3782 tunc
3857 3706 4115 3780 felicior
4151 3704 4389 3806 populi

1352 3821 1654 3896 conditio
1697 3827 1862 3897 erat.
1965 3821 2076 3894 Ita
2120 3828 2354 3895 tamen
2378 3880 2398 3908 ,
2451 3829 2533 3894 ut
2580 3845 2912 3896 numerus
2959 3821 3337 3898 incolarum
3390 3825 3505 3898 vix
3551 3825 3764 3926 duplo
3804 3827 4023 3901 maior
4078 3833 4257 3900 esset
4303 3826 4388 3900 iis

1355 3941 1480 4040 qui
1543 3949 1850 4016 nostram
1910 3940 2208 4039 patriam
2269 3941 2695 4030 habitarent,
2766 3949 2877 4030 et,
2944 3949 3213 4042 praeter
3260 3944 3656 4020 Londinum
3678 4005 3698 4034 ,
3766 3956 4064 4046 quatuor
4114 3954 4388 4022 tantum

1356 4061 1871 4137 ostenderenter
1891 4059 2099 4133 urbes
2118 4117 2137 4146 ‚
2160 4084 2339 4158 quae
2362 4060 2521 4158 plus
2549 4086 2761 4158 quam
2786 4061 3025 4136 decem
3052 4062 3269 4137 millia
3292 4063 3548 4139 civium
3574 4065 3904 4141 haberent
3920 4069 4041 4158 ⁴⁰).
4090 4066 4389 4160 Reditus

1357 4179 1623 4280 publici
1663 4178 1869 4255 variis
1915 4177 2180 4254 artibus
2224 4179 2339 4252 vix
2379 4182 2467 4255 ad
2520 4181 2925 4255 dodrantem
2970 4181 3195 4255 efferri
3236 4191 3555 4282 poterant
3596 4185 3779 4274 eius,
3829 4185 4018 4285 quod
4050 4193 4389 4260 nostrates

1358 4299 1555 4375 facile
1603 4298 2107 4400 expendebant.
2183 4300 2371 4399 Erga
2413 4300 2782 4374 creditores
2822 4301 2971 4374 fisci
3018 4301 3206 4376 haud
3252 4304 3492 4378 melior
3532 4305 3704 4380 fides
3749 4331 3961 4404 quam
4000 4306 4073 4378 in
4120 4303 4383 4390 Gallia,

1363 4421 1580 4495 donec
1625 4445 1666 4495 a
1707 4421 2132 4496 Gmmumo
2177 4421 2293 4493 III
2334 4421 2808 4495 introductum
2858 4419 3066 4495 fuerit
3106 4425 3416 4521 Syetema
3452 4426 3928 4500 Hollandicum
3951 4484 3970 4513 ‚
4020 4432 4099 4498 ut
4142 4431 4387 4497 vocant

1363 4539 1577 4638 Angli
1603 4565 1866 4614 morem
1891 4539 2206 4640 religiose
2232 4541 2630 4616 exsolvendi
2654 4566 2899 4616 usuras
2924 4544 3045 4636 ⁴¹).
3082 4543 3274 4642 Ager
3296 4545 3727 4620 vastissimus
3754 4545 4054 4620 incultus
4079 4542 4349 4618 iacebat
4366 4601 4386 4630 ,

1368 4657 1482 4732 vix
1549 4658 1834 4735 dimidia
1905 4669 2098 4759 parte
2164 4661 2290 4736 soli
2347 4669 2573 4736 aratro
2640 4660 2943 4737 subacta.
3046 4661 3209 4738 Vias
3262 4664 3479 4740 invias
3531 4665 3928 4762 ubicunque
3967 4663 4389 4738 infestabant

1365 4777 1660 4854 latrones
1678 4836 1699 4869 ‚
1765 4779 1881 4854 cui
1941 4781 2120 4879 pesti
2183 4807 2322 4857 non
2370 4783 2566 4882 prius
2612 4807 2823 4882 quam
2874 4807 3106 4858 versus
3150 4785 3363 4860 finem
3420 4785 3677 4860 saeculi
3724 4785 3975 4860 XVIII
4029 4784 4390 4860 efficaciter
