4934 6184
1012 1295 1476 1360 ACADEMIAE
1520 1293 2109 1358 GBONINGANAE
2160 1289 2626 1356 CURATOBES
2645 1333 2661 1362 ,
2717 1288 2888 1352 vm
2931 1289 3418 1366 AMPLISSIMI,
3469 1294 3570 1356 ΕΤ

1096 1401 1243 1464 QUI
1281 1401 1419 1462 HIS
1458 1399 1563 1464 AB
1604 1398 1833 1461 ACTIS
1870 1398 1997 1470 Ea,
2036 1395 2179 1458 VIR
2216 1392 2874 1457 CONSULTISSIME!

1012 1545 1369 1608 SENATUS
1415 1543 1861 1608 AOADEMIGI
1908 1541 2225 1606 REGTOR
2238 1587 2257 1616 ‚
2299 1541 2748 1604 CETEBJQUE
2788 1539 3326 1604 PROFESSOBES
3346 1589 3362 1618 ,
3404 1545 3574 1606 VIBI

1092 1649 1567 1712 CLARISSIMU

1012 1795 1324 1860 ARTIUM
1362 1797 1467 1860 ET
1506 1793 2131 1861 DISCIPLINABUM
2170 1792 2584 1859 DOGTORES
2622 1791 3198 1854 ERUDITISSIMI!

1010 1943 1454 2008 EVANGELH
1492 1945 2033 2009 INTERPRETES
2071 1939 2562 2014 DOCTISSIMI,
2601 1939 3094 2002 REVEREN'DI!

1008 2093 1357 2156 IUVENES
1393 2093 1871 2166 LEGTISSIMI,
1911 2089 2380 2155 AOADEMIAE
2424 2087 2652 2150 crvES
2691 2086 3332 2149 EXOPTATISSIMII

1006 2238 1451 2303 QUOTQUOT
1479 2239 1845 2304 DENIQUE
1876 2238 2236 2310 ADESTIS,
2272 2233 2838 2299 CUIUSCUNQUE
2870 2231 3196 2294 OBDINIS
3223 2235 3326 2296 ΕΤ
3356 2234 3570 2310 LOCI,

1253 2385 1707 2449 AUDITORES
1744 2381 2319 2448 HUMANJSSIMU

818 2814 997 2919 Etsi
1030 2866 1258 2942 neque
1296 2842 1545 2918 Latine
1580 2842 1859 2920 dicendi
1889 2841 2325 2918 insolentiam
2364 2845 2760 2939 praetexere
2787 2839 3050 2939 possim
3067 2899 3088 2928 ‚
3123 2863 3251 2916 nec
3279 2839 3572 2918 debeam

528 2969 829 3040 aetatem
887 2971 1012 3040 aut
1067 2961 1589 3063 occupationem
1644 2987 1971 3040 excusare
1990 3019 2013 3052 ,
2073 2969 2303 3036 tamen
2352 2959 2413 3035 si
2450 2983 2566 3034 me
2611 2959 2742 3035 hoc
2783 2966 3094 3059 tempore
3143 2959 3339 3036 valde
3385 2985 3572 3038 com-

530 3085 788 3160 moveri
850 3108 1101 3186 negem
1123 3143 1143 3173 ,
1208 3085 1513 3160 multum
1556 3109 1601 3160 a
1640 3109 1799 3160 vero
1846 3082 2093 3158 absim.
2192 3083 2381 3155 Nam
2436 3103 2660 3180 quum
2705 3079 2826 3156 illa
2873 3079 3079 3155 statio
3125 3079 3304 3156 vitae
3323 3139 3344 3168 ,
3395 3105 3572 3181 quae

530 3229 645 3280 me
697 3204 926 3281 adhuc
970 3204 1199 3280 tenuit
1215 3261 1236 3291 ‚
1287 3202 1587 3304 docendi
1626 3203 2027 3280 facultatem
2070 3216 2153 3276 ut
2200 3223 2518 3301 pararem
2563 3199 2834 3299 copiam
2879 3201 3052 3276 satis
3097 3201 3405 3300 amplam
3451 3203 3568 3278 de-

534 3323 749 3414 derit,
778 3323 1057 3400 dicendi
1086 3331 1323 3399 tamen
1346 3347 1573 3400 coram
1604 3323 1979 3400 lectissimo
2014 3329 2361 3398 conventu
2392 3320 2982 3419 opportunitatem
3019 3345 3172 3396 raro
3208 3323 3566 3398 concessit.

526 3441 735 3518 Nunc
788 3442 1125 3518 minimus
1182 3449 1357 3518 natu
1416 3465 1505 3516 ex
1560 3440 1889 3518 omnibns
1964 3439 2157 3514 vobis
2179 3497 2199 3529 ,
2248 3438 2391 3538 ‘qui
2444 3463 2532 3514 ex
2593 3440 2722 3516 hoc
2789 3441 2938 3516 loco
2999 3441 3224 3516 dicere
3295 3441 3526 3518 soletis
3547 3502 3568 3530 ,

526 3587 733 3663 surgo
747 3621 767 3653 ,
818 3587 1085 3663 parum·
1102 3561 1192 3638 ab
1234 3562 1719 3639 exercitatione
1758 3561 1853 3637 ad
1889 3560 2269 3652 dicendum
2304 3559 2688 3656 instructus
2705 3620 2727 3652 ,
2776 3562 3020 3661 paucis
3056 3569 3303 3651 notus3
3357 3585 3568 3662 surgo
3682 3661 3686 3664 N

526 3681 616 3756 ad
672 3683 863 3758 illam
917 3681 1311 3770 habendam
1352 3683 1753 3784 'orationem
1769 3737 1791 3769 ,
1851 3705 2031 3778 quae
2089 3681 2241 3755 iure
2291 3703 2381 3754 an
2435 3679 2692 3754 iniuria
2747 3681 3096 3778 specimen
3157 3680 3567 3756 eruditionis

524 3807 651 3874 aut
710 3800 997 3899 peritiae
1064 3801 1241 3876 solet
1282 3799 1523 3876 haberi
1535 3832 1557 3889 3
1618 3799 1821 3876 cuius
1872 3805 2161 3874 eventus
2207 3803 2291 3872 ut
2336 3797 2712 3904 maximam
2755 3797 2848 3870 ad
2896 3796 3568 3873 commendationem

531 3919 673 3994 vim
733 3918 987 3994 habere
1058 3926 1287 4019 potest
1300 3977 1323 4010 ‚
1388 3919 1487 3995 ita
1505 3977 1526 4007 ‚
1594 3918 1657 3993 si
1710 3917 1935 3994 iustae
2004 3914 2502 4016 exspectationi
2557 3938 2699 3989 non
2761 3913 3167 4005 satisfaciat,
3232 3914 3430 3992 facile
3493 3919 3566 3992 in

529 4038 941 4115 contrariam
1012 4045 1279 4140 partem
1348 4039 1571 4140 possit
1638 4039 1833 4116 verti.
1934 4041 2137 4118 Quae
2206 4036 2381 4112 dum
2438 4034 2670 4136 cogito
2685 4093 2708 4125 ,
2775 4042 3118 4110 sustentat
3169 4058 3284 4111 me
3331 4043 3566 4114 tamen

400 4261 405 4266 ι
530 4168 603 4234 et
674 4168 937 4236 recreat
1021 4167 1246 4238 vestra
1263 4221 1288 4252 ‚
1354 4161 1733 4238 Auditores
1749 4219 1771 4251 ,
1844 4158 2239 4236 hnmanitas
2256 4216 2278 4248 ‚
2349 4155 2592 4232 multis
2661 4163 3046 4256 perspecta
3123 4165 3194 4232 et
3263 4158 3562 4258 cognita.

534 4281 737 4359 Quae
783 4304 873 4356 ne
926 4279 1055 4356 hoc
1108 4290 1417 4382 tempore
1470 4283 1646 4359 mihi
1693 4281 1877 4358 desit
1893 4339 1915 4371 ,
1984 4305 2069 4356 eo
2116 4278 2377 4356 enisins
2420 4301 2594 4379 rogo
2637 4285 2710 4353 ct
2764 4283 3014 4377 expeto
3030 4336 3052 4368 ,
3115 4278 3306 4377 quod
3348 4279 3565 4353 oratio

532 4423 691 4475 mea
754 4399 1141 4476 versabitur
1190 4401 1265 4476 in
1323 4409 1735 4504 argumento
1750 4462 1772 4494 ,
1839 4402 2029 4503 quod
2070 4391 2486 4480 iamdudum
2535 4397 2611 4473 in
2655 4391 3018 4475 hominum
3061 4421 3179 4472 ore
3221 4405 3294 4472 et
3345 4396 3562 4474 disce-

528 4521 839 4618 ptatione
900 4530 1211 4597 versatur
1226 4581 1248 4613 ‚
1312 4534 1387 4598 et
1446 4524 1809 4618 doctorum
1866 4522 2103 4599 studia
2136 4521 2445 4611 excitat3
2511 4521 2778 4616 inquo
2824 4517 3305 4617 pertractando
3349 4517 3565 4592 videri

530 4642 791 4740 possim
860 4666 1109 4741 parum
1170 4648 1295 4718 aut
1351 4643 1643 4718 novitati
1696 4650 1821 4718 aut
1846 4635 2201 4740 'temporis
2257 4639 2479 4715 nostri
2539 4640 2786 4714 usibus
2836 4646 2906 4712 et
2956 4637 3238 4736 ingenio
3295 4640 3562 4717 servire.

534 4762 817 4838 Etenim
880 4769 1149 4838 constat
1214 4761 1527 4863 linguam
1594 4761 1915 4838 Latinam
1978 4759 2355 4836 multorum
2414 4757 2620 4834 hodie
2681 4757 2908 4834 favore
2959 4757 3294 4834 excidisse
3311 4818 3332 4850 ,
3400 4785 3566 4862 que·

532 4882 833 4959 rentium
913 4905 1043 4959 nec
1105 4881 1368 4960 litteras
1425 4882 1709 4960 Latinas
1768 4881 2015 4982 dignas
2081 4903 2231 4958 esse
2250 4937 2271 4973 ,
2334 4879 2409 4955 in
2480 4877 2736 4978 quibus
2805 4878 3110 4956 multum
3173 4881 3567 4960 etiamnunc

2933 5000 3081 5076 28*
