4934 6184
1763 670 2323 737 ORATIO.
3435 675 3561 740 111

531 884 848 960 neumate
911 876 1333 956 definivisset
1347 935 1370 967 ,
1438 876 1872 956 difficillimas
1921 879 2147 988 ‚etiam
2210 881 2300 956 de
2359 878 2591 956 animo
2663 877 3100 977 quaestiones
3169 885 3561 971 tractasset;

535 1002 775 1103 quales
812 1007 1022 1090 sunt,
1071 1023 1244 1076 num
1289 1008 1702 1098 argumenta
1720 1059 1743 1090 ,
1797 1001 2054 1100 quibus
2099 1003 2376 1076 animus
2413 1023 2565 1075 esse
2606 998 3155 1090 demonstratur,
3200 1001 3293 1077 ad
3332 1002 3566 1078 omnia

533 1121 861 1200 animalia
918 1121 1306 1222 pertineant
1325 1178 1346 1208 ‚
1413 1127 1496 1194 ut
1554 1121 1724 1197 haec
1770 1121 1982 1197 etiam
2025 1119 2440 1196 immortalia
2486 1119 2806 1196 habenda
2850 1121 2991 1196 sint
3006 1154 3027 1210 3
3071 1145 3245 1198 num
3287 1122 3565 1199 animus

539 1269 680 1322 una
733 1268 896 1320 cum
955 1266 1235 1343 corpore
1298 1242 1630 1342 gignatur
1672 1267 1778 1318 an
1844 1266 2004 1318 vero
2066 1242 2487 1316 increscente
2538 1241 2825 1316 demum
2872 1267 3152 1342 corpore
3211 1251 3535 1320 nascatur
3547 1277 3565 1332 3

535 1388 914 1463 quamnam
983 1362 1126 1437 vim
1189 1362 1264 1436 in
1323 1386 1600 1438 omnem
1665 1362 1844 1438 hanc
1911 1388 2060 1438 rem
2119 1362 2442 1438 habuerit
2492 1361 2733 1462 religio
2780 1361 3205 1452 Christiana;
3264 1387 3438 1438 num
3484 1390 3569 1439 ex

537 1483 792 1584 placito
853 1483 942 1558 de
1003 1507 1367 1582 corporum
1410 1482 1902 1560 resurrectione
1955 1482 2132 1558 effici
2181 1489 2392 1582 queat
2409 1541 2430 1572 ,
2482 1505 2573 1557 ne
2620 1481 3020 1581 religionem
3084 1483 3368 1583 quidem
3424 1485 3569 1562 ani-

537 1629 740 1680 mum
777 1629 820 1680 a
859 1627 1140 1704 corpore
1179 1602 1562 1678 divulsisse.
1665 1602 1804 1677 Sed
1850 1627 1895 1679 a
1935 1602 2184 1680 iuvene
2203 1661 2224 1691 ,
2272 1602 2388 1678 cui
2437 1601 2643 1678 breve
2684 1604 3022 1703 temporis
3064 1605 3369 1703 spatium
3410 1629 3573 1682 con-

533 1747 814 1800 cessum
872 1731 1021 1800 erat
1039 1782 1059 1811 ‚
1130 1723 1337 1798 nimis
1394 1722 1827 1822 expostulare
1873 1722 2098 1797 noluit
2144 1722 2358 1798 Ordo.
2479 1722 2828 1798 Laudavit
2872 1723 3303 1822 diligentiam
3341 1734 3423 1826 ⁸et
3464 1726 3571 1799 in·

537 1845 877 1919 dustriam
897 1902 918 1932 ,
958 1867 1168 1942 ‚quae
1239 1843 1462 1918 multa
1526 1843 1600 1916 in
1670 1843 2247 1918 commentatione
2317 1851 2701 1942 comparet,
2760 1843 3015 1918 mentis
3074 1843 3529 1940 subtilitatem
3552 1903 3572 1932 ,

537 1964 682 2039 veri
725 1961 1112 2062 reperiendi
1157 1963 1468 2039 studium
1487 2022 1507 2051 ,
1555 1963 1916 2062 ingenium
1935 2021 1956 2051 ,
2002 1964 2212 2038 etiam
2261 1963 2611 2050 animum,
2666 1960 2759 2035 ad
2808 1987 3017 2060 quem
3068 1961 3243 2037 nihil
3286 1963 3577 2039 humani

541 2107 682 2156 non
717 2082 1050 2182 pertinet,
1075 2106 1156 2156 ac
1191 2081 1630 2180 scriptionem
1671 2083 1954 2180 dignam
1980 2081 2345 2171 iudicavit,
2389 2104 2568 2180 quae
2605 2105 2815 2156 aureo
2852 2081 3153 2180 praemio
3194 2091 3573 2158 ornaretur.

637 2204 900 2301 Aperta
952 2208 1190 2276 autem
1245 2201 1526 2277 scedula
1578 2200 2176 2277 commentationis
2229 2201 2520 2300 scriptor
2552 2202 2874 2300 apparuit
2916 2203 3333 2277 Grsnna'rus
3372 2201 3576 2276 Him-

543 2347 755 2398 mcus
803 2321 1110 2396 Lamnus
1131 2380 1152 2410 ,
1201 2321 1324 2420 qui
1367 2321 1439 2395 in
1491 2321 1618 2396 hac
1666 2320 2045 2396 Academia
2098 2320 2189 2396 ad
2236 2320 2651 2420 Theologiae
2711 2321 2943 2396 studia
2992 2347 3065 2395 se
3116 2321 3429 2396 contulit.

635 2441 988 2530 Acceda8‚
1039 2441 1472 2518 ornatissime
1511 2442 1892 2516 Grsnnu‘ru
1923 2440 2286 2532 ‚Hnnmcn
2331 2439 2678 2515 Limnes!
2780 2440 3100 2515 Alterum
3163 2441 3353 2540 quod
3408 2440 3583 2514 mihi

542 2562 993 2637 tribuendum
1057 2562 1302 2636 datum
1373 2569 1482 2636 est
1537 2560 1922 2659 praemium
1941 2617 1962 2648 ,
2027 2559 2352 2658 equidem
2404 2583 2546 2635 non
2596 2560 2831 2634 minus
2887 2561 3183 2636 libenter
3229 2560 3360 2636 tibi
3379 2618 3400 2649 ,
3452 2560 3586 2634 civi

546 2691 782 2757 nostro
801 2740 822 2771 ,
875 2681 1075 2756 trado
1141 2705 1354 2780 quam
1413 2681 1706 2756 alterum
1759 2681 2301 2755 Hoormnonrio
2321 2738 2341 2768 ,
2403 2678 2751 2754 Leidensi.
2848 2681 3004 2755 Tua
3064 2680 3322 2754 scilicet
3379 2680 3587 2754 unius

546 2801 912 2902 diligentia
973 2800 1298 2876 effectum
1361 2807 1502 2888 est,
1561 2824 1650 2874 ne
1709 2799 1954 2874 cedere
2019 2798 2407 2873 Traiectina
2454 2783 2833 2874 Academia
2888 2798 3216 2874 Leidensi
3276 2798 3591 2874 videatur

551 2945 784 3020 neque
833 2919 1202 3020 Theologis
1241 2943 1448 2994 omne
1494 2919 1878 3018 praemium
1933 2918 2240 2993 deesset!
2339 2918 2448 2992 De
2496 2917 2901 3018 gravissima
2942 2918 3345 3018 quaestione
3389 2919 3591 2994 docte

551 3027 806 3140 pariter
849 3048 920 3114 et
969 3039 1318 3138 eleganter
1371 3039 1761 3113 disseruisti
1810 3045 1882 3112 et
1927 3038 2027 3113 ita
2082 3039 2368 3139 quidem
2387 3096 2408 3127 ,
2459 3046 2543 3113 ut
2586 3039 2849 3112 Vnum
2867 3097 2887 3128 ,
2935 3039 3393 3140 praeceptoris
3447 3039 3551 3114 tui
3570 3098 3591 3128 ‚

548 3159 970 3234 sententiam
1009 3159 1300 3257 probare
1346 3159 1532 3233 visus
1577 3159 1706 3232 sis:
1750 3183 2140 3258 qermanum
2163 3159 2632 3256 philosophum
2674 3163 2985 3257 optimum
3022 3183 3169 3235 esse
3202 3154 3591 3260 theoloyicm.

549 3282 663 3355 Ita
706 3279 814 3354 fac
857 3279 1144 3378 pergasi
1246 3279 1481 3353 Bonas
1523 3278 1822 3353 Litteras
1864 3285 2080 3377 atque
2125 3277 2655 3377 Philosophiam‘
2690 3303 2854 3354 cum
2903 3278 3317 3379 Theologiae
3362 3280 3595 3355 studio

548 3401 648 3476 ita
709 3397 1034 3497 deinceps
1095 3393 1374 3496 quoque
1418 3397 1671 3497 iungas
1721 3405 1803 3472 ut
1852 3398 2138 3473 alteram
2181 3396 2623 3498 disciplinam
2672 3423 2760 3474 ex
2806 3398 3021 3474 altera
3060 3399 3379 3476 illustres.
3478 3402 3595 3476 Ita

553 3518 834 3594 Litteris
906 3527 1120 3617 atque
1187 3517 1670 3617 Philosophiae
1687 3576 1708 3606 ,
1774 3518 1875 3593 ita
1939 3517 2352 3618 Theologiae
2419 3517 2661 3608 etiam,
2731 3543 2856 3618 per
2912 3527 2985 3594 te
3036 3544 3204 3595 suus
3249 3522 3323 3595 in
3373 3521 3595 3620 patria

551 3648 782 3715 nostra
827 3644 964 3713 stet
1010 3637 1264 3712 honos!

1805 3863 2333 3876 -ι--ῌ

654 4123 989 4223 Superest
1062 4127 1144 4194 ut
1218 4117 1536 4194 Rectoris
1596 4115 1960 4216 Magnifici
2021 4139 2280 4191 munus
2347 4116 2633 4192 tandem
2692 4116 3066 4216 aliquando
3122 4116 3465 4217 deponam
3520 4143 3599 4192 ac

561 4242 937 4318 successori
990 4241 1356 4341 designato
1399 4237 1696 4314 tradam.
2395 4233 2404 4238 ’
3281 4329 3308 4340 ,

657 4364 910 4462 Itaque
951 4371 1021 4436 te
1044 4421 1063 4451 ,
1112 4361 1498 4436 Lunovrcn
1544 4359 1908 4433 GnnAnnn
1945 4357 2359 4431 V1sscnunl
2412 4381 2499 4432 ex
2542 4356 2759 4456 Regis
2792 4356 3299 4458 Angustissimi
3326 4355 3598 4430 decreto

559 4483 632 4557 in
679 4481 1073 4582 proximum
1118 4501 1384 4556 annum
1428 4479 1782 4554 Rectorem
1826 4479 2268 4577 Maymficum
2310 4474 2464 4552 dico
2481 4533 2501 4564 ,
2551 4478 2871 4555 renuntio
2890 4536 2910 4566 ,
2958 4477 3327 4576 proclamo.
3688 4569 3691 4572 .

659 4601 974 4678 Accedes
1011 4601 1250 4698 itaque
1275 4657 1296 4688 ,
1338 4597 1466 4672 Vir
1489 4597 1885 4674 Clarissime
1908 4655 1928 4684 ‚
1979 4603 2050 4670 et
2091 4597 2322 4670 locum
2359 4620 2620 4696 occupa
2640 4655 2661 4685 ,
2710 4622 2921 4696 quem
2956 4597 3089 4670 tibi
3119 4596 3250 4670 feci
3279 4619 3593 4670 vacuum.

662 4721 900 4810 Salve,
943 4721 1200 4822 Rector
1246 4715 1623 4816 Magnifice
1644 4772 1665 4803 ,
1714 4713 2106 4811 iterumque
2153 4711 2371 4786 salve!
2441 4714 2693 4791 Fasces
2744 4715 2878 4792 tibi
2922 4716 3093 4794 cedo
3138 4725 3209 4792 et
3249 4715 3556 4816 sigillum
3570 4749 3593 4790 z

563 4839 1015 4940 magistratus
1056 4845 1460 4916 ornamenta
1479 4895 1500 4926 ,
1549 4833 1997 4934 magistratus
2039 4831 2250 4908 etiam
2310 4835 2560 4908 onera!
