4934 6184
1307 666 1438 734 118
2408 665 2462 728 1.
2530 661 2607 730 A.
2678 663 2745 731 C.
2815 661 3255 734 RovERs

1223 881 1230 888 ’
1306 873 1689 950 doctrinam
1747 879 1889 946 tam
1945 869 2139 947 nullo
2195 868 2344 946 iure
2388 869 2569 946 colat
2623 879 2695 946 et
2739 872 2965 949 foveat
2979 931 3000 961 ‚
3038 893 3251 970 quam
3298 875 3557 944 temere
3602 867 3899 970 negligit
3954 878 4026 946 et
4082 872 4347 973 spernit

1303 993 1532 1069 aliam.
1581 1035 1684 1052 —-·
1735 991 2064 1067 Severum
2119 1015 2282 1066 sane
2340 990 2679 1066 iudicium
2699 1050 2720 1081 ,
2782 991 2898 1067 cui
2952 999 3185 1067 tamen
3206 1048 3227 1079 ,
3294 1012 3513 1088 quum
3573 1013 3761 1065 nunc
3821 1013 3963 1066 non
4028 991 4209 1067 ultra
4258 1017 4343 1068 ea

1302 1112 1763 1188 adscendatur
1780 1171 1800 1202 ‚
1861 1136 2040 1211 quae
2093 1117 2260 1186 sunt
2304 1108 2608 1188 δυναταὶ
2627 1170 2647 1201 ,
2706 1111 2884 1188 hano
2930 1135 3275 1212 opponere
3327 1108 3489 1184 licet
3533 1108 4023 1185 nonnullorum
4070 1135 4299 1188 vocem
4322 1147 4341 1186 ε

1299 1233 1450 1308 fieri
1516 1241 1782 1333 potest,
1851 1240 1932 1307 ut
1979 1233 2148 1308 haec
2201 1240 2388 1308 aetas
2433 1231 2577 1306 sive
2622 1231 2991 1332 perspiciat
3038 1233 3183 1306 sive
3238 1229 3529 1318 sentiat,
3582 1254 3745 1328 opus
3790 1231 3926 1304 eibi
3972 1253 4117 1306 esse
4159 1231 4347 1306 iusta

1295 1377 1530 1428 rerum
1591 1361 1945 1454 gestarum
1997 1345 2505 1456 intelligenti&
2580 1351 2740 1427 hinc
2800 1351 3113 1426 ardorem
3178 1351 3380 1426 illum
3442 1350 3765 1426 ducimus
3814 1351 4343 1451 impedimento-

1295 1498 1490 1562 rum,
1539 1458 1732 1573 quae'
1756 1472 1920 1547 huic
1963 1473 2308 1560 officiunt,
2351 1471 2836 1547 tollendorum.
2876 1513 2973 1532 --
3008 1470 3393 1570 Equidem,
3430 1470 3669 1560 A.A.,
3695 1477 3933 1546 utrum
3958 1473 4048 1546 sit
4078 1472 4341 1562 verius,
4379 1551 4404 1566 ,

1290 1617 1480 1670 nunc
1521 1618 1660 1670 non
1708 1617 1963 1694 quaero
1981 1651 2001 1681 ,
2055 1615 2494 1692 quamquam
2548 1591 2687 1667 scio
2709 1647 2729 1680 ,
2776 1614 2917 1690 quo
2956 1590 3305 1666 inclinem.
3407 1589 3549 1670 sed
3568 1649 3591 1680 ,
3640 1590 3833 1690 quod
3874 1591 3963 1666 de
3998 1590 4339 1666 Historio-

1291 1713 1513 1814 logiae
1559 1714 1632 1788 in
1683 1714 1800 1790 illa
1841 1712 2174 1789 Oratione
2227 1713 2376 1788 loco
2431 1710 2577 1786 dixi
2596 1770 2619 1800 ‚
2666 1711 2743 1786 id
2782 1735 2953 1812 pace
2996 1717 3222 1786 vestra
3262 1709 3457 1785 haud
3510 1711 3809 1787 mittam.
3880 1711 4116 1796 ‚Iuvat
4154 1711 4341 1786 enim

1287 1832 1453 1908 inde
1505 1833 1782 1908 dicendi
1827 1841 2340 1933 argumentum
2387 1839 2623 1932 petere
2641 1889 2663 1921 ,
2730 1831 2921 1930 quod
2976 1831 3221 1906 eadem
3268 1855 3410 1930 qua
3466 1831 3785 1930 superius
3836 1833 4342 1907 necessitudine

1287 1960 1359 2028 et
1421 1955 1587 2030 'cum
1655 1954 2086 2055 temporibus
2151 1952 2411 2034 nostris
2480 1960 2552 2028 et
2620 1976 2785 2028 cum
2851 1950 3179 2030 historiae
3244 1951 3475 2027 studio
3535 1952 3853 2030 cohaeret
3923 1953 4343 2055 omninoque

1287 2072 1629 2148 eiusmodi
1693 2080 1831 2161 est,
1894 2080 1975 2148 ut
2041 2073 2346 2148 alterum
2397 2097 2538 2147 non
2584 2072 2819 2173 inepte
2868 2072 3151 2147 alterius
3196 2071 3719 2174 ἀντίστροφον
3760 2082 4057 2152 vocetur.
4156 2075 4341 2152 Nam

1285 2193 1467 2267 sicut
1535 2199 1740 2267 antea
1803 2192 2047 2268 aetatis
2114 2217 2206 2267 no
2217 2200 2402 2268 strae
2467 2216 2633 2292 erga
2694 2189 3268 2292 Historiologiam
3314 2193 3618 2270 favorem
3660 2219 4001 2295 exponere
4058 2203 4343 2271 conatus

1283 2336 1442 2386 sum
1465 2370 1486 2400 ,
1532 2312 1634 2386 ita
1679 2336 1868 2388 nunc
1907 2311 2308 2388 doctrinam
2349 2312 2869 2412 contemplabor
2909 2337 3051 2388 non
3090 2319 3368 2389 tantum
3410 2313 3697 2414 dignam
3738 2313 3869 2390 hoc
3908 2314 4174 2405 favore,
4220 2316 4342 2391 sed

1279 2432 1685 2532 aequalibus
1726 2432 1982 2509 nostris
2031 2457 2106 2508 se
2157 2433 2352 2510 omni
2403 2433 2687 2508 nomine
2732 2432 3357 2511 commendantem.
3453 2433 3705 2510 Dicam
3748 2433 3951 2511 enim·
3990 2434 4079 2510 de

1912 2597 2416 2700 thtmioloyia
2463 2600 2685 2674 aetati
2734 2607 3007 2674 nostrae
3040 2600 3335 2699 plurimi
3356 2601 3718 2696 facienda.

1385 2789 1531 2867 Vos
1589 2797 1822 2869 autem
1844 2852 1865 2883 ,
1915 2795 2004 2870 A.
2037 2795 2126 2870 A.
2142 2853 2163 2884 ,
2215 2800 2297 2869 ut
2342 2800 2570 2868 vestra
2614 2817 2729 2868 me
2776 2793 3255 2872 benevolentia
3286 2794 3841 2895 prosequamini,
3884 2797 4098 2873 etiam
4131 2801 4341 2895 atque

1279 2911 1490 2990 etiam
1534 2937 1722 3014 rogo.
1810 2915 1977 2994 Quo
2019 2915 2260 3016 plures
2300 2913 2671 2990 Orationes
2713 2914 3166 3015 pronunciavi
3199 2958 3304 2976 -—
3332 2914 3503 2992 haec
3540 2923 3779 2992 autem
3817 2917 4061 3014 quinta
4106 2924 4211 2992 est
4236 2963 4340 2977 —

1277 3056 1362 3108 eo
1409 3033 1664 3110 certius
1709 3033 1886 3110 mihi
1929 3040 2244 3124 constat,
2293 3040 2642 3134 quantum
2688 3033 2782 3109 sit
2819 3035 2896 3109 in
2936 3034 3375 3112 audientium
3420 3034 3853 3111 humanitate
3894 3036 4337 3137 praesidium.

1275 3153 1464 3228 Nam
1531 3177 1669 3229 usu
1732 3155 2022 3254 cognovi
2041 3213 2062 3243 ,
2132 3153 2406 3229 facilius
2469 3152 2819 3253 citiusque
2890 3161 3229 3231 oratorem
3298 3163 3713 3258 argumento
3776 3179 3993 3253 quam
4050 3155 4179 3232 hoo
4236 3156 4341 3232 illi

1278 3271 1540 3348 deesse.
1641 3273 1784 3350 Sed
1841 3274 2204 3350 veniamus
2257 3273 2332 3348 in
2377 3296 2529 3348 rem
2572 3281 3025 3373 praesentem.

1373 3511 1480 3586 Ea
1531 3519 1696 3588 sunt
1745 3520 2060 3616 tempora
2106 3520 2346 3592 nostra
2361 3571 2382 3605 ‚
2435 3519 2520 3590 ut
2568 3519 2855 3614 vegetae
2908 3513 3153 3592 aetatis
3199 3514 3601 3592 hominibus
3620 3573 3641 3604 ,
3690 3515 3964 3614 quoties
4012 3514 4331 3590 iuventu-

1275 3636 1420 3706 tem
1485 3655 1686 3708 suam
1752 3642 1990 3710 mente
2056 3642 2383 3734 repetunt
2447 3635 2559 3712 vel
2622 3634 2811 3734 ipsos
2876 3635 3051 3712 adeo
3110 3660 3329 3712 annos
3391 3634 3481 3711 ab
3544 3635 3875 3712 hodierno
3931 3634 4047 3710 die
4096 3636 4329 3710 minus

1273 3757 1576 3828 remotos
1593 3810 1615 3842 ,
1681 3753 1861 3830 hanc
1923 3780 2130 3856 saepe
2199 3754 2594 3857 exprimant
2658 3779 2935 3832 vocem:
3000 3764 3321 3857 quantum
3381 3763 3643 3832 mutata
3704 3758 3791 3830 ab
3852 3757 4015 3832 illie.
4114 3755 4329 3830 Multi

1272 3895 1548 3964 eorum,
1593 3874 1721 3974 qui
1760 3875 1930 3954 haec
1978 3877 2398 3976 loquuntur,
2447 3877 2629 3956 vitae
2672 3877 3037 3954 commoda
3082 3883 3154 3952 et
3193 3876 3471 3954 delicias
3514 3882 3805 3976 urgent,
3840 3874 4100 3974 quibus
4136 3874 4325 3949 domi

1275 3998 1488 4090 atque
1551 3993 1718 4068 foris
1740 4053 1761 4083 ,
1825 3996 2238 4074 rusticantes
2301 3978 2375 4074 et
2425 3998 2951 4099 peregrinantes
2964 4054 2984 4087 ,
3034 3996 3365 4088 fruimur,
3414 4021 3713 4096 quorum
3766 3995 4321 4072 communionem

1275 4111 1512 4210 plures
1545 4113 2046 4192 ardentissimis
2088 4117 2266 4194 votis
2307 4125 2683 4218 expetunt,
2732 4141 3049 4217 quaeque
3094 4119 3275 4194 tanti
3314 4117 3467 4194 fieri
3504 4117 3833 4194 dicuntur
3846 4174 3866 4205 ,
3912 4122 4030 4205 ut,
4078 4139 4319 4214 quem·

1276 4230 1660 4310 admodum
1712 4235 1962 4312 Graeci
2007 4236 2308 4312 hominis
2352 4237 2493 4314 vita
2538 4237 2751 4314 ludus
2802 4238 3015 4314 fuisse
3058 4238 3460 4339 perhibetur
3474 4295 3495 4329 ‚
3547 4237 3663 4336 sic=
3679 4261 3807 4312 nos
3851 4259 4067 4337 prope
4120 4243 4319 4310 natos

1277 4377 1432 4430 esse
1483 4353 1724 4430 credas
1778 4354 1871 4430 ad
1918 4353 2312 4435 fruendum.
2411 4357 2591 4434 Aliis
2609 4417 2631 4448 ,
2678 4357 2991 4434 eiusdem
3038 4357 3603 4440 commutationis
3643 4356 4205 4457 magnitudinem
4245 4363 4319 4431 et

1278 4472 1696 4550 celeritatem
1769 4475 2330 4578 praedicantibus
2349 4535 2369 4566 ‚
2439 4477 2671 4554 animo
2721 4477 3124 4556 obversatur
3166 4504 3397 4556 rerum
3440 4478 3879 4580 publicarum
3925 4476 4311 4566 conversim

1278 4601 1666 4670 memorant
1713 4595 1868 4672 iura
1927 4595 2186 4674 civium
2244 4604 2448 4674 aucta
2462 4657 2486 4687 ‚
2547 4605 2621 4676 et
2662 4599 3063 4676 facultatem
3122 4599 3333 4676 altius
3382 4599 3701 4676 evolandi
3745 4596 4056 4698 pristinis
4096 4597 4311 4695 impe-

1277 4707 1610 4790 dimentis
1647 4713 2008 4793 liberatam
2024 4775 2045 4806 ,
2086 4723 2160 4792 et
2199 4726 2430 4817 partes
2468 4719 2765 4796 civitatis
2801 4720 3145 4820 regendae
3180 4719 3499 4819 pluribus
3532 4742 3921 4808 concessas,
3962 4725 4035 4796 et
4068 4741 4315 4794 arcana

1281 4825 1631 4906 nullorum
1676 4854 1816 4908 non
1859 4834 2394 4933 magistratuum
2445 4837 2769 4938 evulgata
2816 4839 3270 4940 omniumque
3318 4839 3575 4920 iudicio
3626 4839 3991 4918 submissa.
4095 4838 4311 4926 Sunt,
