4934 6184
1362 681 1491 750 230
2438 679 2506 742 C.
2579 677 2656 742 M.
2727 674 3316 742 FRANCKEN

1356 889 1993 965 Wrwrnnnacmos
2016 941 2037 974 ,
2118 881 2241 986 qui
2308 883 2542 960 nativo
2603 883 2904 984 quodam
2965 883 3296 974 candore,
3355 877 3743 957 sinceritate
3761 937 3786 970 ,
3853 879 4200 960 hilaritate
4244 891 4394 962 tam

1356 1009 1553 1086 facile
1618 1007 1961 1096 scribunt,
2030 1013 2111 1082 ιιι
2164 1005 2339 1082 nihil
2388 1007 2480 1081 sit
2496 1065 2517 1097 ,
2585 1005 2776 1108 quod
2823 1005 2914 1082 ab
2969 1004 3104 1080 alio
3145 1003 3394 1080 melius
3441 1009 3516 1078 et
3561 1001 3839 1102 planius
3887 1001 4028 1080 dici
4077 1007 4388 1105 potuisse

1354 1128 1690 1205 videatur.
1789 1127 2097 1205 Omnino
2166 1123 2742 1228 distinguendum
2791 1133 2966 1226 puto
3013 1113 3400 1200 sermonem
3452 1122 3788 1200 Latinum
3841 1124 3930 1200 ab
4001 1125 4386 1203 elocutione

1354 1249 1703 1340 Tulliana3
1774 1257 1847 1325 et
1908 1248 2365 1326 aemulandus
2424 1247 2660 1347 potius
2721 1255 2830 1322 est
2897 1245 3180 1322 C1cnao
3242 1269 3456 1346 quam
3515 1245 3936 1336 imitandus3
3983 1245 4084 1324 ita
4127 1247 4383 1326 iudicio

1352 1369 1667 1448 adhibito
1724 1369 1787 1446 si
1848 1371 2129 1472 quando
2182 1368 2364 1446 elabi
2412 1367 2548 1446 sibi
2593 1367 2766 1468 quid
2821 1391 3070 1468 passus
3119 1372 3226 1442 est
3239 1425 3260 1456 ‚
3313 1364 3506 1466 quod
3557 1365 3632 1440 in
3688 1365 3824 1442 alio
3877 1389 4018 1442 non
4065 1367 4382 1470 probare·

1354 1501 1473 1568 tur
1492 1549 1513 1580 ‚
1552 1499 1677 1566 aut
1704 1489 1765 1565 si
1802 1491 2003 1566 filum
2050 1489 2375 1567 orationis
2406 1489 2767 1566 Tullianae
2805 1487 3040 1564 minus
3079 1511 3244 1563 cum
3287 1493 3700 1588 argumento
3744 1493 3984 1564 nostro
4023 1488 4348 1589 congruit
4365 1550 4386 1578 ‚

1352 1637 1494 1690 non
1522 1619 1631 1690 est
1674 1613 1747 1688 in
1788 1613 2185 1714 exemplum
2232 1611 2618 1690 sumendus
2635 1669 2656 1700 ,
2701 1633 2790 1684 ne
2834 1632 3044 1709 opera
3087 1614 3324 1683 nostra
3361 1607 3454 1682 sit
3487 1631 3736 1708 parum
3779 1607 4054 1684 erudito
4097 1607 4382 1685 homine

1352 1733 1567 1834 digna
1584 1791 1605 1823 ,
1667 1755 1839 1808 neve
1900 1731 2117 1808 oratio
2180 1728 2634 1831 prudentium
2699 1727 3004 1803 virorum
3065 1722 3378 1802 irrisione
3445 1727 3746 1805 ludatur.
3857 1728 4116 1804 Nostra
4157 1736 4351 1806 aetas
4367 1789 4390 1820 ,

1350 1855 1415 1930 si
1470 1853 1646 1954 quid
1704 1853 1906 1930 video
1922 1912 1943 1944 ,
2006 1852 2095 1930 ab
2156 1849 2483 1928 orationis
2529 1848 2690 1924 fuco
2739 1857 2812 1924 et
2853 1845 3210 1924 lenociniis
3255 1853 3328 1922 et
3377 1869 3631 1948 magna
3693 1848 4104 1926 sonantibus
4152 1849 4381 1926 verbis

1346 1973 1709 2064 abhorret,
1750 1982 1824 2048 et
1865 1970 2457 2074 quemadmodum
2491 1970 2566 2046 in
2606 1969 2746 2045 vita
2787 1967 3192 2068 quotidiana
3225 1968 3468 2044 titulos
3507 1975 3580 2044 et
3613 1969 4147 2048 ostentationem
4185 1969 4380 2048 fasti-

1346 2093 1491 2185 dit,
1538 2093 1639 2168 ita
1684 2091 2051 2166 verborum
2094 2089 2335 2166 fucum
2380 2099 2453 2166 et
2495 2089 2861 2166 ambitiosa
2900 2096 3304 2166 ornamenta
3353 2087 3618 2188 spernit
3657 2095 3870 2191 atque
3917 2091 4324 2168 contemnit.

1440 2213 1558 2288 Ita
1624 2212 1686 2286 si
1744 2210 1819 2285 in
1886 2209 2135 2286 Iatine
2194 2209 2560 2288 scribendo
2617 2233 2970 2286 versamur
2989 2267 3012 2300 ,
3075 2231 3216 2285 non
3273 2233 3508 2286 vereor
3525 2269 3546 2300 ,
3589 2234 3680 2286 ne
3718 2208 3795 2286 id
3835 2217 3960 2286 aut
4001 2209 4376 2312 philologis

1342 2330 1591 2408 inutile
1639 2337 1763 2407 aut
1810 2330 2021 2406 huius
2060 2331 2391 2432 temporis
2434 2329 2816 2407 rationibus
2855 2329 3160 2406 alienum
3205 2328 3538 2406 videatur.
3631 2329 3918 2430 Semper
3959 2328 4238 2431 quidem
4275 2331 4372 2407 ad
4453 2415 4456 2418 ⁴

1342 2451 1530 2528 hune
1588 2451 1803 2526 finem
1868 2449 2149 2527 Crenao
2220 2450 2638 2526 lectitandus
2691 2449 2858 2540 erit,
2906 2447 3032 2524 sed
3089 2471 3230 2524 non
3277 2473 3418 2549 qno
3467 2449 3785 2526 Tulliana
3835 2448 4111 2526 dicendi
4155 2449 4380 2528 forma

1344 2580 1415 2648 et
1458 2579 1873 2674 χαρακτήρ
1930 2571 2196 2666 (stilum
2244 2595 2431 2648 nunc
2470 2571 2744 2662 dicunt)
2799 2569 3126 2644 omnibus
3171 2569 3558 2646 communis
3593 2595 3746 2646 esse
3787 2568 4046 2647 debeat
4087 2613 4188 2632 —
4228 2572 4382 2648 aliis

1338 2691 1451 2768 hic
1502 2700 1611 2768 est
1657 2693 1835 2768 alius
1892 2699 1967 2767 et
2010 2716 2136 2791 pro
2184 2690 2618 2793 singulorum
2663 2689 2946 2791 ingenio
2995 2687 3308 2764 diversus
3353 2733 3456 2750 —
3495 2691 3621 2766 sed
3663 2689 3856 2791 quod
3903 2691 4190 2767 Crcnno
4235 2716 4381 2768 cer-

1336 2811 1649 2888 tissimus
1714 2819 1821 2886 est
1880 2819 2119 2888 auctor
2179 2811 2578 2888 Latinitatis
2597 2869 2618 2902 ,
2689 2817 2764 2886 et
2827 2809 3074 2909 optimi
3135 2809 3466 2910 temporis
3528 2810 3772 2912 lingua
3821 2835 3910 2886 ex
3973 2811 4107 2888 hoc
4171 2813 4378 2912 plane

1332 2937 1565 3032 potest
1633 2931 1975 3032 cognosci.
2074 2931 2325 3032 Neque
2395 2954 2556 3006 vero
2617 2937 2978 3032 propterea
3047 2927 3298 3030 reliqui
3365 2929 3728 3032 scriptores
3795 2929 4150 3033 philologo
4215 2943 4382 3010 sunt

1332 3048 1771 3153 negligendi3
1840 3075 2016 3152 quos
2082 3067 2307 3151 quum
2368 3049 2686 3152 diligenti
2751 3051 3044 3128 lectione
3097 3051 3526 3151 cognoverit,
3577 3051 3678 3126 ita
3725 3059 4012 3152 paratus
4067 3053 4162 3129 ad
4211 3056 4373 3130 scri·

1334 3168 1643 3246 bendum
1694 3171 2007 3262 accedet,
2052 3178 2131 3248 ut
2176 3179 2492 3248 accurate
2511 3230 2532 3262 ,
2587 3170 2762 3270 quid
2800 3176 3292 3271 argumentum
3339 3175 3412 3244 et
3449 3172 3932 3270 opportunitas
3977 3174 4370 3272 postulent,

1332 3291 1688 3387 pensitans
1706 3350 1727 3382 ,
1774 3315 1915 3366 non
1969 3291 2218 3369 anxius
2266 3292 2341 3366 in
2388 3291 2753 3368 verborum
2821 3291 3130 3380 delectu,
3179 3315 3308 3366 nec
3353 3290 3856 3391 elegantiarum
3911 3301 3986 3366 et
4030 3293 4368 3369 ubertatis

1330 3409 1557 3484 inanis
1608 3417 1919 3510 captator
1932 3469 1953 3500 ,
2004 3410 2207 3510 plane
2247 3418 2321 3486 et
2360 3435 2535 3511 pure
2579 3411 2802 3500 dicat,
2868 3435 3048 3510 quae
3091 3411 3324 3488 sentit.
3412 3411 3662 3512 Neque
3707 3411 3906 3487 lectio
3951 3411 4364 3511 scriptorum

1330 3551 1412 3602 eo
1476 3527 1761 3603 consilio
1814 3528 2229 3629 suscipietur
2244 3588 2265 3620 ,
2330 3538 2411 3606 ut
2473 3530 2631 3630 quis
2689 3529 2938 3605 Latine
2987 3530 3281 3606 scribere
3333 3531 3590 3630 possit,
3653 3555 3872 3632 neque
3921 3537 4154 3608 tamen
4203 3531 4358 3607 fieri

1324 3655 1592 3747 potest,
1642 3649 1813 3749 quin
1874 3675 1915 3725 e
1979 3648 2387 3750 scriptorum
2448 3639 2780 3752 perpetua
2833 3655 2904 3724 et
2961 3650 3278 3751 diligenti
3325 3649 3616 3728 lectione
3675 3649 4016 3726 redundet
4060 3658 4136 3725 et
4185 3651 4365 3728 fluat
4497 3709 4508 3724 ,

1324 3769 1540 3845 oratio
1560 3829 1581 3860 ,
1643 3795 1825 3870 quae
1889 3770 2142 3847 Latina
2201 3771 2293 3848 sit
2306 3830 2327 3862 ,
2392 3778 2463 3845 et
2521 3769 2820 3846 naturali
2861 3768 3092 3871 lepore
3139 3777 3216 3845 et
3269 3777 3627 3848 venustate
3673 3777 3922 3872 sponte
3965 3771 4366 3872 legentibus

1323 3889 1866 3966 commendetur.
1970 3893 2137 3970 Qua
2186 3891 2313 3992 qui
2370 3895 2670 3968 utuntur
2685 3949 2706 3980 ,
2752 3890 3015 3992 optime
3078 3890 3584 3982 demonstrant,
3632 3891 3916 3991 penitus
3969 3915 4045 3968 se
4105 3902 4370 3970 veteres

1324 4009 1709 4106 percepisse
1726 4068 1747 4100 ,
1790 4019 1894 4098 et,
1938 4010 2129 4111 quod
2175 4012 2406 4102 aiunt,
2450 4013 2524 4088 in
2567 4035 2853 4090 succum
2895 4017 2968 4087 et
3017 4009 3430 4112 sanguinem
3471 4011 3785 4101 vertisse3
3839 4011 4032 4114 quod
4077 4012 4360 4112 quidem

1320 4133 1403 4201 nt
1446 4127 1701 4204 faciant
1758 4129 2089 4230 philologi
2107 4189 2127 4220 ,
2178 4131 2515 4231 postulari
2555 4129 2730 4208 solet
2767 4137 2839 4206 et
2885 4130 3116 4208 debet.
3215 4131 3366 4210 Qui
3409 4155 3570 4207 vero
3613 4131 3980 4208 lectionem
4020 4132 4357 4234 negligit,

1320 4247 1418 4322 illi
1475 4246 1725 4323 Latine
1792 4249 2087 4325 scribere
2150 4259 2257 4326 est
2306 4249 2697 4327 Herculeus
2741 4250 2970 4340 labor,
3017 4257 3230 4351 atque
3272 4249 3462 4328 haud
3507 4251 3648 4327 scio
3695 4275 3788 4328 an
3837 4249 4030 4338 nulla
4077 4251 4172 4326 sit
4225 4251 4364 4328 alia

1316 4391 1525 4443 causa
1545 4427 1566 4458 ,
1616 4392 1743 4444 cur
1799 4368 2051 4445 Latine
2094 4368 2439 4446 scribendi
2493 4369 2810 4447 studium
2857 4393 3047 4447 nunc
3089 4396 3135 4447 a
3173 4370 3416 4448 multis
3455 4379 3824 4472 spernatur
3839 4431 3860 4460 ,
3906 4393 4118 4471 quam
4167 4371 4362 4470 quod

1318 4487 1679 4588 scriptores
1722 4489 2011 4565 Latinos
2052 4489 2433 4592 negligant.
2535 4489 2750 4571 Quod
2802 4515 2946 4591 quo
2986 4491 3138 4567 iure
3179 4491 3337 4581 fiat,
3387 4489 3668 4568 videndi
3715 4489 3862 4567 iam
3907 4488 4112 4566 nobis
4161 4489 4358 4565 locus

1316 4606 1481 4696 erit,
1540 4607 1865 4708 deinceps
1924 4608 2213 4686 dicturis
2264 4610 2353 4686 de
2406 4607 2854 4711 scriptoribus
2913 4609 3182 4687 Latinis
3247 4634 3332 4688 ex
3395 4609 3682 4687 veritate
3737 4608 4228 4698 aestimandis3
4276 4609 4352 4684 in

1316 4750 1456 4834 quo
1500 4727 1803 4825 primum
1840 4729 2327 4828 exponendum
2372 4729 2584 4820 duxi,
2626 4729 2974 4830 quomodo
3012 4730 3248 4807 Latini
3275 4729 3638 4832 scriptores
3661 4730 3930 4833 possint
3953 4737 4026 4806 et
4047 4729 4346 4806 debeant

1316 4845 1593 4920 tractari
1614 4903 1635 4934 ‚
1684 4855 1767 4922 ut
1816 4849 2173 4927 universae
2222 4849 2630 4928 eruditionis
2677 4851 2816 4928 sint
2864 4849 3320 4951 προπαιδεία
3369 4859 3440 4930 et
3486 4851 3692 4952 quasi
3735 4849 4180 4929 vestibulum.
