4934 6184
1310 685 1441 752 222
2396 683 2465 748 C.
2537 682 2617 750 Μ.
2687 679 3270 750 ΕΒΔΝΟΚΕΝ

1312 893 1604 970 sabatur
1624 948 1645 980 ‚
1712 887 2055 964 orationes
2114 896 2492 988 antequam
2555 887 2833 980 ederet,
2899 887 3038 966 sibi
3093 888 3168 966 in
3227 883 3562 964 Latinum
3619 886 3982 962 vertendas
4051 890 4348 986 putavit.

1312 1014 1403 1087 In
1467 1009 1677 1086 rebus
1736 1009 1827 1084 ad
1895 1008 2213 1086 omnium
2277 1009 2810 1110 intelligentiam
2871 1007 3408 1088 accommodatis
3465 1007 3526 1082 si
3575 1013 3852 1082 tantum
3903 1007 4120 1084 valuit
4165 1008 4350 1085 Istis·

1310 1127 1787 1217 observantia,
1837 1127 2011 1228 quid
2056 1129 2428 1219 miramur,
2479 1130 2579 1219 si,
2628 1127 2820 1230 quod
2849 1155 3066 1230 penes
3102 1152 3346 1206 omnes
3379 1133 3689 1218 constat,
3739 1126 3866 1202 diu
3897 1127 4078 1203 inter
4111 1126 4350 1206 doctos

1312 1274 1454 1326 non
1525 1249 1661 1326 alia
1718 1249 1959 1350 lingua
2014 1250 2090 1325 in
2138 1248 2395 1326 honore
2440 1249 2578 1326 fuit
2592 1253 2628 1326 P
2701 1250 2938 1327 Serius
2989 1274 3118 1328 nos
3161 1247 3430 1350 aliquid
3469 1247 3875 1324 novavimus
3913 1271 4126 1346 quam
4173 1251 4344 1324 Ger-

1306 1370 1539 1458 mani,
1610 1369 1801 1470 apud
1869 1395 2045 1469 quos
2114 1369 2331 1446 XVII
2406 1371 2680 1447 saeculo
2737 1379 3036 1448 exeunte
3095 1372 3238 1448 iam
3292 1396 3337 1447 a
3393 1375 3670 1469 recepto
3729 1367 3942 1444 etiam
4001 1375 4152 1446 tum
4211 1395 4346 1446 usu

1308 1491 1657 1566 descitum
1702 1499 1811 1566 est
1829 1549 1850 1580 ,
1902 1514 2123 1590 quum
2172 1491 2482 1566 Cnmsr.
2529 1491 2964 1570 Tuomsws
3007 1492 3082 1569 in
3125 1490 3504 1570 Academia
3555 1489 3874 1566 Hallensi
3911 1513 4150 1566 recens
4185 1515 4346 1568 con·

1310 1612 1459 1687 dita
1524 1611 1850 1688 lectiones
1910 1637 2039 1688 sua
2104 1612 2349 1713 lingua
2406 1612 2662 1689 habere
2721 1613 3067 1703 instituit,
3133 1613 3238 1688 vir
3290 1635 3418 1712 pro
3465 1611 3588 1686 illo
3633 1618 3942 1710 tempore
3991 1635 4134 1686 non
4183 1612 4350 1688 satis

1308 1731 1663 1820 eruditus,
1714 1739 1796 1806 ut
1840 1733 1965 1833 qui
2014 1733 2225 1808 latine
2274 1732 2612 1824 nesciret;
2661 1741 2966 1810 ceterum
3009 1733 3072 1810 si
3111 1735 3462 1808 Gesnsno
3505 1729 3854 1808 eredimus
3893 1731 4062 1806 satis
4103 1731 4348 1808 habuit

1305 1851 1589 1928 idoneas
1640 1876 1906 1929 causas.
2006 1855 2203 1932 Quas
2265 1861 2497 1929 tamen
2561 1855 2804 1930 maiori
2857 1855 3010 1930 iure
3061 1851 3457 1955 philosophi
3501 1853 3918 1928 Casusms
3939 1909 3960 1940 ,
4005 1851 4348 1928 Immun-

1307 1995 1511 2060 zms,
1567 1972 1925 2048 Wonrms
1969 1971 2504 2072 produxissent,
2554 1973 2680 2072 qui
2731 1973 3180 2050 nihilominus
3226 1973 3302 2048 in
3349 1971 3566 2048 arduo
3607 1979 4016 2072 argumento
4057 1971 4228 2048 satis
4275 1997 4348 2046 se

1306 2091 1518 2166 latine
1588 2091 1953 2168 scribendo
2014 2091 2449 2169 exercitatos
2489 2093 2919 2193 probabant,
2985 2101 3068 2168 ut
3127 2093 3333 2192 plane
3403 2089 3594 2191 quod
3663 2089 3998 2167 sentirent
4064 2099 4350 2190 possent

1304 2211 1556 2308 eloqui.
1660 2211 1967 2286 Rectene
2027 2210 2101 2286 hi
2162 2211 2263 2288 ita
2302 2211 2590 2288 fecerint
2636 2237 2766 2290 nec
2813 2239 2902 2289 ne
2921 2273 2942 2305 ,
2991 2237 3180 2289 nunc
3229 2236 3371 2288 non
3424 2235 3721 2312 quaero,
3765 2211 3916 2286 ΛΑ.
3955 2209 4131 2285 HH.
4207 2211 4341 2285 Fe-

1304 2328 1481 2404 cisse
1536 2328 1693 2404 illos
1712 2387 1731 2418 ‚
1800 2329 2047 2406 fecisse
2104 2331 2429 2406 Gao'nos
2448 2389 2472 2422 ,
2531 2333 3016 2410 Bonsnavlos
3036 2392 3058 2424 ,
3107 2333 3350 2410 fecisse
3395 2356 3440 2407 a
3479 2330 3737 2406 renatis
3777 2329 4016 2406 litteris
4051 2353 4174 2430 per
4213 2329 4340 2404 ali-

1302 2456 1480 2548 quot
1524 2447 1797 2524 saecula
1833 2473 2108 2540 omnes,
2157 2449 2283 2550 qui
2324 2451 2465 2526 ullo
2497 2451 2908 2530 eruditionis
2935 2475 3190 2554 genere
3216 2451 3664 2528 excelluerint
3679 2509 3700 2542 ,
3749 2450 3827 2526 id
3851 2475 4016 2526 sane
4037 2459 4343 2540 constat3

1304 2591 1799 2666 quamcunque
1862 2577 2081 2644 artem
2126 2570 2287 2669 quis
2332 2569 2726 2661 factitabat,
2795 2595 3034 2648 earum
3089 2573 3372 2673 quidem
3391 2630 3413 2662 ‚
3463 2596 3644 2672 quae
3691 2571 3788 2648 ad
3832 2571 4188 2648 liberalem
4239 2572 4346 2648 in·

1299 2687 1491 2786 genii
1542 2687 1813 2764 cultum
1855 2688 2279 2788 pertinerent
2292 2747 2315 2779 ‚
2362 2690 2453 2766 ab
2495 2689 2614 2767 illa
2655 2691 2894 2792 lingua
2941 2692 3524 2794 proficiscebatur.
3623 2689 3838 2772 Quod
3881 2691 3942 2766 si
3975 2715 4117 2767 non
4153 2717 4346 2792 prae·

1302 2813 1575 2883 sentem
1644 2813 1919 2884 tantum
1988 2833 2157 2886 suae
2220 2809 2626 2910 disciplinae
2701 2836 2910 2888 usum
2985 2812 3302 2890 homines
3369 2813 3610 2890 doctos
3673 2817 3984 2912 spectare
4041 2820 4346 2912 oportet,

1306 2927 1433 3002 sed
1502 2925 1699 3004 initia
1762 2927 1975 3005 etiam
2028 2937 2100 3006 et
2152 2955 2560 3031 progressus
2577 2989 2598 3022 ,
2665 2939 2749 3016 ut
2798 2934 3344 3034 praeteritorum.
3371 2930 3704 3008 memoria
3753 2938 3914 3007 tum
3955 2933 4351 3010 recentioris

1302 3047 1639 3146 temporis
1707 3047 2293 3127 existimationem
2358 3051 2604 3128 afferat
2621 3111 2645 3142 ,
2709 3059 2864 3129 tum
2927 3059 3362 3132 commoneat
3427 3053 3516 3130 de
3575 3051 3762 3130 vitiis
3807 3052 3976 3130 olim
4029 3061 4104 3128 et
4149 3077 4352 3153 saepe

1304 3165 1699 3242 commissis
1718 3226 1740 3258 ,
1810 3193 2023 3269 quam
2080 3171 2389 3271 linguam
2455 3173 2652 3274 prius
2709 3180 2782 3248 et
2845 3174 3018 3251 disci
3085 3183 3158 3250 et
3215 3173 3438 3250 excoli
3491 3172 3850 3262 convenit,
3915 3197 4127 3273 quam
4173 3197 4350 3274 quae

1302 3309 1446 3361 non
1516 3287 1729 3362 unius
1792 3291 2043 3365 aetatis
2100 3291 2401 3367 uniusve
2462 3293 2707 3392 populi
2761 3294 3026 3372 finibus
3085 3295 3482 3371 continetur
3501 3349 3524 3383 ,
3589 3293 3716 3368 sed
3765 3299 3912 3368 tam
3953 3301 4140 3369 arcte
4185 3319 4346 3370 cum

1304 3405 1741 3482 humanitate
1790 3408 2147 3499 cohaeret,
2196 3419 2281 3484 ut
2318 3412 2411 3486 ad
2455 3413 2684 3488 omnis
2733 3415 3148 3491 eruditionis
3193 3415 3544 3492 cunabula
3587 3413 3770 3490 viam
3811 3413 4070 3512 aperiat
4085 3415 4122 3486 P

1398 3523 1753 3600 Profuisse
1820 3535 2026 3604 antea
2094 3527 2419 3606 Iatinam
2487 3531 2802 3633 linguam
2875 3533 3204 3612 doctrinis
3224 3592 3247 3626 ,
3315 3535 3662 3635 hodieque
3724 3532 3800 3608 in
3867 3531 4152 3610 historia
4223 3533 4338 3607 lit-

1300 3649 1609 3720 terarum
1680 3669 1823 3720 non
1888 3649 2155 3750 negligi
2216 3649 2469 3726 debere
2533 3653 2704 3728 satis
2717 3711 2739 3742 ,
2819 3655 3064 3754 opinor
3081 3713 3102 3748 ,
3167 3662 3494 3757 apparet;
3573 3653 3886 3730 eiusdem
3947 3677 4108 3730 vero
4171 3677 4344 3730 usus

1304 3787 1475 3839 num
1538 3765 1939 3844 etiamnunc
2004 3769 2097 3844 sit
2162 3771 2590 3848 necessarius
2651 3781 2778 3850 aut
2845 3775 3042 3852 utilis
3101 3775 3282 3852 adeo
3351 3785 3426 3852 et
3487 3775 3884 3851 fructuosus
3901 3833 3945 3864 ‚.
3991 3801 4036 3850 a
4107 3775 4349 3850 multis

1308 3883 1709 3984 ambigitur.
1830 3887 2187 3967 Nimirum
2256 3891 2590 3970 acerrima
2655 3895 3098 3974 contentione
3165 3893 3464 3972 subinde
3537 3895 3626 3972 de
3689 3919 3776 3972 ea
3823 3919 3900 3970 re
3954 3903 4350 3996 pugnatum

1307 4012 1455 4090 est;
1506 4005 1713 4080 multi
1758 4006 2089 4110 philologi
2109 4067 2131 4100 ,
2180 4018 2516 4111 tanquam
2559 4038 2686 4114 pro
2727 4016 2867 4092 aris
2915 4023 2988 4092 et
3029 4016 3202 4093 focis
3241 4020 3617 4104 certarent,
3665 4013 3846 4092 hanc
3893 4015 4031 4091 sibi
4065 4037 4346 4092 causam

1308 4122 1819 4222 suscipiendam
1878 4137 2317 4228 putaverunt.
2440 4133 2596 4234 Ego
2661 4133 2960 4228 (fatebor
3021 4135 3240 4230 enim)
3307 4159 3536 4238 neque
3596 4131 3690 4210 ab
3747 4135 3870 4211 illa
3921 4159 3997 4212 re
4049 4135 4346 4212 salutem

1310 4243 1531 4320 studii
1592 4245 1811 4322 nostri
1874 4249 2179 4347 pendere
2240 4252 2562 4328 existimo
2620 4261 2691 4329 et
2735 4253 2994 4332 frustra
3051 4262 3225 4356 puto
3271 4257 3606 4357 pugnari,
3661 4255 4009 4354 siquidem
4053 4255 4348 4336 aliarum

1304 4365 1824 4466 disciplinarum
1884 4367 2183 4446 cultores
2234 4380 2550 4449 nostrum
2609 4373 2948 4451 iudicium
3001 4399 3144 4452 non
3189 4383 3630 4477 exspectant,
3683 4375 3808 4452 sed
3849 4375 4118 4452 faciunt
4133 4434 4155 4466 ,
4206 4399 4347 4475 quo

1302 4485 1457 4562 illos
1504 4486 1875 4564 necessitas
1914 4495 2041 4565 aut
2080 4490 2357 4567 animus
2396 4493 2720 4594 impellit;
2772 4496 2922 4572 suis
2959 4521 3035 4572 se
3074 4496 3302 4574 verbis
3343 4497 3558 4572 libere
3601 4496 3710 4572 uti
3745 4495 3952 4572 malle
3993 4496 4306 4572 dicentes
4325 4553 4346 4584 ,

1306 4629 1519 4702 quam
1574 4606 1905 4684 orationis
1956 4612 2269 4688 membra
2314 4613 2516 4712 quasi
2554 4616 2942 4715 ponderosa
2987 4617 3196 4694 lorica
3237 4617 3666 4694 circumdare
3681 4676 3706 4708 ,
3767 4619 3856 4693 de
3907 4618 4122 4694 rebus
4161 4615 4342 4692 solli·

1309 4725 1467 4813 citi,
1516 4727 1931 4829 elegantiam
1975 4729 2373 4810 Latinitatis
2422 4735 2660 4813 minus
2699 4744 3043 4816 curantes.
3139 4737 3614 4815 Veruntamen
3661 4761 3882 4840 quum
3921 4737 4144 4814 multa
4181 4759 4338 4835 pos·

1314 4843 1454 4918 sint
1516 4850 1587 4922 et
1636 4850 1899 4928 soleant
1952 4876 2081 4952 pro
2136 4853 2387 4932 Latina
2441 4856 2684 4958 lingua
2727 4857 2866 4935 dici
2883 4915 2906 4950 ,
2969 4865 3042 4934 et
3095 4857 3302 4936 multi
3351 4859 3491 4936 sint
3509 4917 3532 4950 ,
3579 4859 3705 4958 qui
3748 4857 4114 4960 philologis
4155 4863 4342 4932 certe
