4934 6184
1825 711 2380 780 ORATIO.
3483 712 3607 780 231

671 922 1082 1012 Neminem,
1129 923 1289 1000 AA.
1327 919 1504 998 ΗΗ.
1527 977 1550 1012 ,
1605 919 1804 998 facile
1853 919 2074 1020 fugit,
2119 925 2384 1019 quanta
2437 919 2737 997 mutatio
2783 927 2855 997 et
2897 919 3099 1020 quasi
3140 877 3611 996 conversioin

569 1043 1024 1122 humanitatis
1081 1041 1332 1118 studiis
1381 1040 1512 1120 hoc
1573 1039 1847 1116 saeculo
1889 1039 2074 1116 facta
2119 1039 2230 1118 sit.
2329 1040 2470 1132 Qui
2518 1039 2685 1117 olim
2734 1041 2808 1116 in
2856 1039 3127 1116 coelum
3189 1039 3609 1118 tollebantur

569 1165 930 1266 scriptores
993 1168 1256 1240 veteres
1315 1185 1505 1240 nunc
1565 1158 1656 1236 ab
1715 1159 1868 1236 aliis
1915 1166 2172 1236 temere
2225 1159 2715 1260 negliguntur,
2764 1158 2856 1236 ab
2906 1159 3060 1236 aliis
3114 1159 3609 1238 recentioribus
3744 1221 3755 1232 .

567 1284 816 1362 litteris
855 1290 982 1360 aut
1017 1291 1306 1360 naturae
1341 1279 1916 1382 pervestigationi
1947 1280 2178 1358 locum
2215 1279 2456 1356 cedere
2494 1278 2849 1355 iubentur.
2934 1279 3117 1356 Sunt
3154 1279 3229 1355 in
3268 1280 3379 1355 his
3420 1281 3609 1358 lenes

567 1403 1096 1506 reprehensores
1113 1459 1136 1494 ‚
1183 1409 1350 1478 sunt
1385 1425 1578 1480 acres
1617 1400 1835 1476 etiam
1883 1400 2414 1501 vituperatores;
2469 1399 2729 1500 quibus
2772 1399 3183 1499 respondere
3232 1425 3454 1500 quum
3496 1402 3613 1478 alii

568 1531 642 1599 et
713 1547 948 1623 saepe.
986 1531 1058 1599 et
1123 1521 1399 1623 egregie
1467 1521 1700 1598 conati
1771 1520 1946 1612 sint,
2017 1521 2094 1598 id
2159 1521 2335 1596 mihi
2397 1519 2605 1596 hodie
2666 1518 3097 1621 propositum
3144 1544 3283 1596 non
3334 1529 3480 1612 est,
3542 1529 3613 1598 et

567 1665 803 1718 vereor
817 1698 840 1731 ‚
903 1666 994 1718 ne
1059 1639 1322 1718 frustra
1367 1641 1480 1718 sit.
1577 1641 1862 1718 Etenim
1911 1642 2084 1741 quid
2134 1641 2418 1743 prodest
2457 1648 2599 1730 ‘aut
2645 1641 2974 1740 conqueri
3016 1648 3141 1717 aut
3188 1641 3459 1742 litigare
3472 1702 3493 1731 ‚
3554 1643 3615 1716 si

565 1761 784 1838 nihilo
849 1761 1088 1838 minus
1153 1770 1439 1862 apparet
1457 1818 1480 1853 ‚
1551 1763 1744 1862 quod
1795 1785 2003 1838 nemo
2053 1763 2442 1864 negaverit,
2500 1761 2779 1838 illorum
2824 1761 3237 1837 sententiam
3288 1771 3429 1838 tam
3474 1762 3615 1844 late.

566 1881 898 1982 serpsisse
915 1938 938 1971 ‚
989 1888 1075 1958 ut
1115 1881 1258 1958 iam
1295 1881 1760 1960 institutionis
1807 1882 1982 1960 ratio
2029 1882 2192 1960 huic
2232 1881 2751 1982 quodammodo
2794 1889 2959 1982 apta
2994 1881 3085 1956 sit
3120 1889 3192 1956 et
3230 1905 3612 1958 accommo-

565 2001 782 2078 data?
883 2001 1162 2078 Sensim
1221 2001 1704 2104 paulatimque
1761 2027 1846 2078 eo
1903 2027 2014 2078 res
2061 2003 2371 2090 devenit,
2423 2011 2505 2076 ut
2549 2000 2959 2076 recentiores
3016 2001 3283 2078 litterae
3328 2001 3615 2078 comites

565 2120 916 2200 veteribus
955 2144 1032 2196 se
1077 2119 1558 2221 praebuerint;
1599 2130 1674 2196 et
1715 2122 1858 2198 iam
1891 2121 2092 2196 initia
2131 2121 2481 2196 cernimus
2522 2119 2935 2219 philologiae
2958 2122 3354 2197 recentioris
3370 2181 3391 2212 ‚
3434 2148 3613 2222 quae

565 2239 698 2316 etsi
759 2261 1154 2338 numquam
1222 2238 1478 2338 poterit
1539 2238 1832 2316 solidam
1895 2261 2266 2338 veramque
2329 2237 2587 2314 mentis
2644 2237 2999 2338 animique
3058 2242 3617 2318 exercitationem

564 2359 838 2449 offerre,
888 2381 1104 2458 quam
1155 2365 1354 2434 vetus
1395 2359 1516 2436 illa
1555 2358 1708 2436 iure
1751 2358 1890 2436 sibi
1939 2358 2240 2435 vindicat
2259 2417 2280 2448 ‚
2324 2367 2559 2434 tamen
2604 2381 2743 2433 non
2784 2359 3165 2458 comparari
3203 2360 3413 2438 debet
3454 2388 3617 2438 cum

564 2479 749 2556 futili
789 2477 910 2554 illa
954 2486 1028 2554 et
1067 2477 1444 2556 desultoria
1481 2477 1827 2556 librorum
1869 2503 2084 2579 quam
2127 2477 2751 2554 diversissimorum
2787 2478 3111 2568 lectione,
3154 2505 3331 2580 quae
3344 2539 3365 2570 ‚
3406 2481 3467 2557 si
3508 2482 3618 2558 dis

565 2600 792 2699 placet
811 2657 832 2688 ‚
876 2622 1132 2676 nomen
1181 2598 1400 2674 studii
1438 2606 1511 2675 et
1555 2599 1962 2676 intentionis
2015 2597 2368 2674 interdum
2409 2596 2545 2674 sibi
2583 2597 2947 2698 arrogavit.
3044 2599 3338 2698 Physica
3379 2609 3615 2678 autem

567 2729 640 2796 et
681 2719 1017 2796 mathesis
1067 2721 1170 2797 ita
1215 2718 1358 2796 iam
1407 2729 1831 2822 propagatae
1893 2729 2058 2796 sunt
2113 2726 2188 2796 et
2232 2726 2454 2820 agunt
2498 2719 2573 2794 in
2626 2718 2799 2807 vita,
2854 2726 2937 2795 ut
2978 2718 3331 2796 hominem
3383 2722 3615 2797 erudi-

565 2850 722 2918 tum
765 2865 1012 2918 earum
1056 2841 1309 2918 rudem
1347 2849 1420 2917 et
1452 2842 1662 2943 plane
1693 2840 2096 2942 imperitum
2139 2863 2289 2915 esse
2333 2840 2446 2915 vix
2484 2839 2743 2916 deceat.
2824 2841 3012 2939 Ergo
3055 2840 3179 2940 qui
3218 2841 3615 2918 etiamnunc

569 2961 874 3038 sermoni
953 2959 1208 3040 Latino
1264 2986 1428 3039 eum
1491 2961 1722 3040 locum
1773 2961 1849 3036 in
1915 2959 2316 3036 liberalibus
2359 2958 2629 3036 artibus
2670 2966 2745 3036 et
2788 2958 3227 3036 institutione
3268 2960 3615 3038 tributum

567 3080 810 3156 volunt
827 3137 848 3168 ‚
919 3102 1134 3175 quem
1197 3085 1359 3154 ante
1423 3078 1551 3156 hos
1611 3079 2120 3181 quinquaginta
2185 3087 2256 3155 et
2321 3079 2625 3178 amplius
2688 3104 2909 3156 annos
2957 3081 3237 3158 tenebat
3254 3129 3275 3172 ‚-
3334 3106 3616 3184 operam

567 3200 852 3297 perdere
907 3199 1238 3276 videntur
1249 3232 1269 3288 ;
1331 3199 1456 3300 qui
1521 3222 1676 3276 vero
1736 3199 1901 3274 huic
1957 3207 2084 3274 aut
2147 3197 2557 3274 recentiores
2629 3197 2893 3275 litteras
2950 3195 3428 3291 substituunt,
3490 3213 3615 3278 aut

568 3318 971 3418 disciplinas
989 3375 1012 3408 ‚
1067 3318 1328 3418 quibus
1368 3319 1460 3396 ab
1505 3327 1751 3396 emota
1795 3318 2370 3420 pervestigatione
2416 3343 2667 3395 nomen
2680 3371 2707 3414 ,
2750 3343 2890 3394 non
2936 3319 3104 3394 satis
3150 3319 3253 3394 illi
3294 3331 3615 3422 reputare

566 3436 928 3523 videntur,
979 3459 1200 3534 quam
1241 3435 1591 3510 salubrem
1633 3436 2090 3512 intentionem
2133 3444 2206 3511 et
2245 3438 2446 3537 quasi
2489 3437 2903 3536 palaestram
2946 3439 3201 3514 mentis
3241 3442 3617 3540 praebeant

569 3564 829 3631 veteres
848 3612 870 3643 ,
943 3560 1370 3654 quantopere
1433 3554 1852 3655 elegantiam
1919 3554 2160 3631 iudicii
2223 3565 2298 3631 et
2353 3562 2637 3634 sensum
2705 3560 3085 3636 venustatis
3148 3559 3479 3637 adiuvent
3545 3571 3616 3638 et

569 3675 1034 3752 corroborent.
1139 3675 1482 3752 Mathesis
1527 3701 1660 3776 ego
1707 3684 1781 3752 et
1817 3675 2141 3775 physicae
2185 3684 2368 3752 artes
2409 3677 2470 3752 si
2513 3677 2748 3754 minus
2794 3705 2931 3754 usu
2972 3688 3043 3754 et
3088 3681 3572 3757 exercitatione
3590 3743 3611 3770 ,

483 3887 492 3895 ι
573 3805 648 3872 at
689 3796 1049 3872 voluntate
1093 3801 1332 3872 tamen
1379 3795 1756 3896 amplector
1769 3828 1792 3886 ;
1841 3795 1968 3874 sed
2009 3795 2344 3872 ridiculus
2386 3796 2597 3872 fuerit
2614 3852 2637 3885 ‚
2680 3798 2807 3896 qui
2846 3799 3225 3874 venustatis
3269 3807 3342 3874 et
3384 3800 3615 3878 decori

573 3939 857 3992 sensum
927 3915 1039 3990 his
1109 3915 1480 3993 emendare
1540 3915 1736 4004 velit3
1797 3917 2254 3992 ratiocinandi
2315 3915 2757 4016 prudentiam
2831 3917 3050 3996 alunt.
3170 3921 3611 4000 Recentiores

572 4045 812 4114 autem
881 4034 1148 4112 litteras
1215 4059 1424 4114 nemo
1482 4036 1876 4138 philologus
1945 4035 2366 4126 contemnit,
2433 4045 2509 4113 at
2564 4037 2719 4138 ipsa
2784 4039 3111 4118 facilitate
3176 4041 3611 4144 intelligendi

571 4155 914 4232 iudicium
963 4155 1198 4232 minus
1245 4165 1545 4247 acuunt3
1603 4158 1944 4232 suavitate
2001 4155 2368 4232 delectant.
2469 4155 2865 4259 Utrumque
2906 4169 3259 4259 praestant
3312 4173 3574 4244 veteres
3590 4226 3609 4256 ‚

571 4277 762 4375 quod
823 4283 895 4352 et
957 4275 1052 4352 ad
1109 4283 1376 4354 remota
1421 4286 1736 4378 tempora
1775 4275 2050 4352 mentis
2095 4275 2316 4353 aciem
2353 4287 2675 4354 revocant
2732 4289 2804 4356 et
2844 4280 3256 4373 intendunt,
3316 4309 3443 4360 nec
3486 4287 3606 4361 de-

569 4401 836 4471 coctam
899 4401 971 4470 et
1019 4393 1244 4470 levem
1301 4395 1427 4472 sed
1469 4395 1764 4472 solidam
1807 4417 2230 4493 suavemque
2275 4395 2702 4497 voluptatem
2752 4401 3261 4502 degustandam
3306 4405 3607 4482 offerunt

571 4521 644 4590 et
709 4513 1246 4618 percipiendam.
1343 4515 1482 4592 His
1549 4540 1692 4615 quo
1752 4515 1912 4616 quis
1980 4515 2420 4594 intentiorem
2482 4544 2721 4598 curam
2780 4522 3161 4622 impendit,
3220 4547 3305 4600 eo
3350 4527 3603 4603 maiore

573 4641 1105 4712 remunerantur
1173 4635 1680 4714 oblectamento
1745 4646 1818 4712 et
1883 4636 2233 4737 voluptate
2249 4693 2272 4726 ‚
2327 4637 2515 4713 docti
2574 4642 2911 4740 gravitate
2980 4667 3121 4718 non
3192 4644 3483 4748 indigna
3534 4656 3607 4724 et

569 4779 734 4832 eum
779 4753 1039 4854 insigni
1079 4756 1455 4857 sapientiae
1475 4815 1498 4848 ,
1537 4755 1992 4832 humanitatis
2008 4813 2031 4846 ‚
2073 4758 2454 4858 elegantiae
2505 4757 2739 4835 fructu
2779 4761 3359 4844 coniunctissima.

668 4877 908 4974 Atque
950 4875 1220 4954 utinam
1275 4903 1366 4956 ne
1417 4876 1688 4956 divulsa
1741 4875 2072 4967 fuissent,
2121 4901 2300 4978 quae
2352 4885 2603 4956 natura
2656 4881 3055 4975 cohaerent,
3102 4885 3605 4989 interpretatio-
