4934 6184
1791 705 2341 780 ORATIO.
3491 710 3573 777 13

540 925 780 994 eatura
830 919 1105 1007 florere,
1156 941 1265 992 res
1304 916 1457 1014 ipsa
1504 914 1723 991 docet.
1826 919 2022 992 Tunc
2074 918 2401 1016 temporis
2446 924 2685 992 autem
2728 916 2820 990 ad
2868 916 3142 992 culmen
3198 917 3572 994 adductam

540 1064 696 1117 eam
742 1039 955 1114 fuisse
998 1045 1340 1114 testantur
1384 1060 1623 1110 omnes
1664 1039 1987 1135 aequales
2006 1097 2027 1128 ,
2078 1045 2223 1112 tam
2268 1037 2575 1113 extranei
2607 1062 2818 1135 quam
2845 1037 3025 1111 cives
3050 1096 3071 1125 ,
3122 1037 3293 1135 quin
3322 1046 3574 1114 testata

540 1167 649 1233 est
710 1159 873 1259 ipsa·
923 1185 1005 1234 ea
1068 1165 1293 1234 aetate
1366 1157 1683 1256 gentium
1742 1157 2001 1232 invidia
2021 1217 2040 1246 ,
2111 1183 2288 1256 quae
2343 1156 2878 1257 Rempublicam
2949 1165 3256 1232 nostram
3307 1158 3574 1234 excidio

542 1288 834 1354 voverat.
936 1281 1111 1353 Prae
1161 1265 1463 1352 'caeteris
1510 1277 1837 1351 omnibus
1888 1278 2175 1353 fortasse
2226 1280 2600 1352 Taurmns
2655 1277 3074 1352 Batavorum
3116 1287 3570 1353 mercaturam

539 1398 860 1473 celebrat.
939 1399 1233 1472 Constat
1275 1396 1559 1495 (inquit)
1594 1397 1693 1488 ²²)
1746 1397 1926 1471 inter
1952 1397 2051 1470 rei
2080 1398 2333 1496 peritos
2354 1454 2373 1486 ,
2399 1396 2648 1471 nullibi
2690 1406 3026 1470 terrarum
3063 1423 3288 1496 neque
3324 1398 3527 1473 hodie
3547 1457 3568 1486 ,

454 1577 464 1586 .
539 1542 669 1591 nec
707 1526 865 1616 post
894 1518 1253 1592 hominum
1289 1517 1691 1590 memoriam
1730 1542 1880 1590 esse
1918 1517 2266 1614 regionem
2291 1575 2309 1604 ,
2357 1541 2534 1614 quae
2574 1522 2720 1589 tam
2749 1507 2939 1590 vasto
2960 1517 3215 1614 polleat
3238 1543 3571 1592 commer-

538 1639 805 1712 ciorum
848 1637 1119 1711 ambitu
1149 1660 1358 1734 quam
1386 1641 1727 1733 angustus
1756 1636 1888 1712 iste
1913 1642 2174 1709 tractus
2199 1642 2497 1732 quatuor
2523 1635 3022 1732 provinciarum
3044 1637 3566 1714 maritimarum.

542 1757 735 1835 Quin
788 1757 1269 1832 existimantur
1320 1755 1449 1829 hae
1506 1753 1687 1828 solae
1745 1754 1977 1853 plures
2020 1755 2367 1852 possidere
2413 1779 2622 1828 naves
2666 1781 2878 1853 quam
2927 1763 3074 1831 tota
3116 1757 3382 1855 reliqua
3423 1759 3567 1832 Eu·

538 1900 725 1973 ropa.
826 1875 1154 1974 Singulae
1217 1874 1426 1949 urbes
1495 1875 1771 1974 propria
1816 1900 1943 1949 sua
1991 1875 2271 1974 negotia
2319 1874 2701 1950 vindicasse
2757 1876 3073 1950 videntur
3129 1885 3200 1950 et
3243 1887 3576 1976 perpetuo

540 1994 823 2069 nitendo
873 1995 965 2068 ad
1016 2020 1376 2070 summum
1428 1994 2158 2095 fastigium-evexisse.
2265 1993 2473 2068 Hanc
2527 2001 2764 2070 autem
2811 2003 3230 2070 mercaturae
3276 1997 3349 2070 in
3399 1997 3575 2071 Hol-

537 2115 772 2189 landia
812 2115 1342 2220 amplitudinem
1380 2115 1603 2214 magis
1638 2115 1885 2189 tribuit
1906 2117 2005 2207 23)
2034 2114 2287 2189 civium
2312 2113 2687 2189 virtutibus
2706 2174 2725 2204 ,
2759 2115 3124 2215 probitati,
3150 2115 3571 2206 industriae,

535 2235 993 2333 parcimoniae
1018 2293 1037 2324 ‚
1110 2243 1183 2310 et
1243 2235 1781 2334 magistratuum
1830 2235 2013 2310 curis
2062 2235 2425 2310 indefessis
2448 2293 2469 2322 ,
2521 2242 2592 2308 et
2637 2234 2934 2310 civitatis
2977 2235 3251 2335 legibus
3293 2237 3532 2334 aequis
3552 2295 3572 2325 ,

536 2362 607 2428 et
677 2355 1132 2454 vectigalibus
1203 2355 1615 2444 moderatis,
1691 2381 1903 2454 quam
1984 2357 2295 2430 locorum
2362 2354 2883 2453 opportunitati.
2984 2356 3139 2428 Imo
3181 2355 3578 2445 contendit,

536 2503 663 2552 nec
730 2478 1076 2552 immerito
1096 2538 1117 2567 ,
1188 2478 1410 2578 ipsam
1478 2478 1811 2578 Angliam
1867 2480 2071 2578 longe
2114 2477 2654 2554 commodiorem
2705 2501 2854 2550 esse
2902 2475 3323 2574 navigationi
3368 2501 3580 2574 quam

538 2595 1009 2673 Hollandiam.
1130 2597 1383 2671 Nullos
1451 2595 1592 2670 fere
1654 2598 1963 2697 proprios
2027 2599 2196 2672 haec
2238 2597 2450 2672 habet
2505 2601 2878 2696 proventus
2937 2595 3059 2693 qui
3109 2602 3578 2694 exportentur,

538 2725 806 2816 praeter
844 2742 1124 2792 caseum
1174 2724 1244 2791 et
1282 2716 1522 2816 figlina
1540 2717 1679 2810 ²⁴);
1729 2717 2003 2792 nullum
2041 2711 2311 2792 facilem
2355 2724 2656 2814 portum.
2725 2714 3000 2789 Vexant
3027 2741 3180 2790 oras
3207 2739 3331 2814 per
3353 2716 3574 2790 maxi-

536 2858 726 2908 mam
798 2836 964 2908 anni
1016 2844 1285 2933 partem
1342 2837 1532 2909 cauri
1600 2835 1995 2932 procellosi,
2061 2836 2238 2909 ostia
2296 2835 2522 2910 arenis
2583 2835 3025 2908 obstruentes
3045 2895 3066 2924 ,
3121 2837 3294 2910 dum
3345 2845 3582 2912 contra

537 2955 769 3027 Eurus
820 2953 1219 3027 Britanniae
1262 2951 1529 3051 placide
1574 2952 1804 3041 afflat,
1853 2939 2042 3029 coelo
2080 2954 2468 3052 pelagoque
2517 2952 2772 3026 serenis
2794 3010 2815 3041 ,
2867 2951 3056 3026 und'e
3101 2954 3363 3028 factum
3409 2963 3585 3053 puto

548 3072 833 3170 (inquit)
904 3078 985 3144 ut
1052 3078 1157 3144 tot
1218 3079 1501 3168 tamque
1570 3071 1693 3145 alti
1756 3077 1828 3143 et
1883 3096 2166 3170 capaces
2226 3079 2476 3169 portus
2540 3071 2616 3144 in
2667 3070 2792 3145 hac
2837 3079 3122 3170 pateant
3168 3079 3239 3146 et
3286 3073 3403 3147 vix
3457 3075 3584 3148 ulli

536 3193 611 3264 in
656 3190 939 3264 Gallicis
978 3199 1049 3266 et
1085 3190 1386 3289 Belgicis
1432 3191 1642 3264 maris
1690 3191 2083 3267 Germanici
2132 3191 2299 3290 ripis
2321 3193 2445 3283 ²⁶).
2517 3191 2692 3265 Mox
2733 3215 2976 3290 aspera
3019 3191 3242 3267 hiems
3285 3193 3360 3266 in
3405 3193 3581 3270 Hol-

540 3311 771 3386 landia
835 3336 958 3411 per
1024 3311 1200 3385 duos
1258 3320 1479 3384 tresve
1548 3335 1821 3386 menses
1884 3311 2255 3410 quotannis
2313 3309 2532 3411 glacie
2577 3308 2838 3385 claudit
2883 3336 3136 3409 aquaS,
3205 3311 3379 3387 dum
3431 3339 3584 3390 raro

540 3432 923 3507 admodum
958 3430 1255 3529 Angliae
1296 3438 1538 3529 portus
1564 3456 1645 3506 ea
1668 3432 2119 3507 obstruantur
2138 3433 2263 3525 2⁰).
2317 3431 2512 3510 Quin
2545 3430 2762 3530 ipsius
2799 3430 3307 3505 Amstelodami
3330 3490 3350 3520 ,
3393 3435 3584 3530 quod

540 3551 872 3649 gloriatur
922 3550 1156 3649 spoliis
1202 3550 1498 3625 Lisboae
1552 3558 1622 3625 et
1659 3554 2079 3653 Antverpiae
2098 3612 2118 3642 ,
2184 3552 2454 3627 videtur
2499 3575 2648 3625 esse
2706 3549 3022 3624 omnium
3069 3551 3576 3650 importunissi-

539 3696 698 3746 mus
771 3679 1052 3770 portua,
1141 3671 1401 3770 quippe
1474 3671 1565 3745 ad
1642 3697 1852 3771 quem
1920 3674 2094 3748 vada
2159 3673 2430 3747 aditum
2493 3671 2847 3770 obstipant
2915 3666 3051 3744 nisi
3126 3683 3581 3749 exonerentur

542 3799 701 3866 ante
760 3816 969 3866 naves
987 3850 1008 3881 ,
1079 3797 1539 3864 commeatum
1606 3815 1730 3889 per
1793 3793 2151 3867 sinuosum
2216 3817 2405 3865 mare
2465 3792 2760 3866 Flevum
2813 3791 3371 3889 periculosiorem
3423 3793 3578 3866 red-

545 3909 779 3985 dentia
827 3910 979 4009 ipso
1028 3936 1071 3984 a
1118 3910 1397 3984 'I'essela
1443 3909 1517 3982 in
1564 3911 1979 4011 Hispaniam
2027 3911 2302 4010 navigio
2343 3913 2467 4003 ²⁷).

644 4028 807 4103 Quo
867 4026 1063 4101 facile
1121 4032 1408 4126 apparet
1473 4027 1599 4119 (sic
1668 4028 1855 4104 hunc
1906 4031 2137 4104 locum
2189 4030 2559 4121 absolvit),
2611 4054 2750 4103 non
2795 4037 3036 4128 portus
3080 4028 3348 4104 allicere
3398 4055 3575 4105 mer-

546 4152 854 4218 caturam
873 4204 893 4232 ,
967 4147 1089 4220 sed
1154 4153 1611 4222 mercaturam
1675 4148 1959 4248 implere
2008 4153 2090 4223 et'
2132 4149 2549 4249 amplificare
2597 4158 2897 4249 portum.
3001 4151 3152 4224 Nec
3206 4150 3581 4225 Hollandia

551 4265 848 4338 excrevit
892 4274 1175 4340 naturae
1218 4267 1553 4340 beneficio
1603 4268 1727 4352 sed
1776 4269 2159 4344 industriae
2203 4294 2366 4343 suae
2412 4269 2709 4359 viribus3
2762 4279 2995 4347 extera
3036 4295 3352 4368 quaeque
3395 4295 3582 4344 com-

547 4384 757 4460 moda
823 4383 1176 4459 elaborans
1224 4394 1295 4461 et
1342 4411 1719 4477 exornans3
1770 4397 2127 4487 tamquam
2177 4413 2544 4464 commune
2589 4393 2907 4490 Europae
2952 4389 3338 4487 emporium
3383 4389 3582 4461 undi-

548 4530 684 4602 que
752 4503 1087 4602 recipiens
1142 4514 1213 4578 et
1275 4530 1830 4604 quaquaversum
1893 4509 2271 4583 divendens
2342 4536 2702 4609 quaequae
2754 4509 3018 4585 venalia
3067 4507 3574 4595 desiderantur3

549 4632 897 4699 vecturam
947 4623 1206 4698 faciens
1255 4649 1377 4722 per
1423 4651 1699 4700 omnem
1750 4627 1988 4703 orbem
2033 4635 2392 4704 terrarum.

551 4807 559 4814 .
652 4745 794 4818 Sed
864 4745 1026 4819 huic
1091 4743 1451 4843 praeconio
1521 4743 1882 4844 subiungit
1951 4748 2490 4823 admonitionem
2569 4748 2793 4846 qualis
2865 4756 2936 4822 et
3002 4746 3207 4822 hodie
3283 4747 3578 4823 subinde

550 4864 870 4955 auditur,
940 4866 1070 4940 etsi
1140 4857 1265 4940 nos
1328 4871 1509 4940 certe
1586 4866 2003 4964 experientia
2055 4868 2333 4944 meliora
2393 4868 2721 4944 docuerit.
2841 4867 3138 4942 Veretur
3205 4867 3390 4942 enim
3409 4926 3430 4957 ,
3494 4892 3581 4940 ne
