4934 6184
1776 671 2335 742 ORATIO.
3449 677 3580 746 171

634 883 1037 961 Secundum
1094 885 1507 960 Pmcocxu
1553 882 2063 960 observationes
2126 880 2490 959 cerebrum
2537 879 2837 958 hominis
2891 904 3114 981 usque
3180 881 3272 956 ad
3331 885 3577 958 aetatis

530 1028 799 1082 annum
852 1004 1257 1081 vicesimum
1322 1003 1649 1103 quintum
1716 1003 2022 1104 pondere
2082 1002 2439 1092 increscit,
2505 1045 2605 1060 —
2675 1001 2840 1076 dein
2909 1000 3100 1076 idem
3165 1001 3440 1100 pondus
3513 1003 3580 1077 ei

532 1133 769 1200 manet
859 1125 953 1199 ad
1038 1147 1302 1200 annum
1387 1124 2045 1224 quinquagesimum
2110 1124 2289 1200 vitae
2306 1176 2331 1218 ,
2400 1165 2495 1180 —
2560 1123 2634 1196 in
2703 1121 3050 1220 decrepita
3121 1144 3281 1197 vero
3353 1129 3577 1198 aetate

532 1245 901 1345 insigniter
946 1243 1403 1319 imminuitur.

626 1367 740 1440 De
804 1364 1028 1440 forma
1090 1363 1353 1439 cerebri
1412 1369 1689 1440 tantum
1754 1363 2093 1439 affirmare
2138 1362 2341 1451 licet,
2401 1359 2732 1436 maiorem
2785 1360 3317 1460 amplitudinem
3358 1361 3574 1460 partis

528 1485 875 1573 frontalis,
914 1509 1121 1585 gyros
1162 1508 1566 1561 numerosos
1601 1493 1673 1560 et
1711 1509 1851 1560 non
1890 1483 2241 1584 regulares
2255 1541 2277 1571 ,
2320 1481 2625 1558 maxime
2665 1482 2726 1556 si
2764 1481 3131 1558 coniuncta
3169 1482 3304 1558 ista
3341 1480 3573 1558 obser-

530 1616 813 1695 ventur,
850 1629 1159 1682 oonnexa
1196 1629 1349 1682 esse
1384 1606 1599 1682 solere
1638 1629 1799 1682 cum
1832 1605 2091 1680 maiore
2124 1603 2539 1679 facultatum
2577 1601 3058 1703 psychicarum
3095 1600 3569 1702 explicatione.

527 1727 640 1802 De
687 1725 1066 1802 subtilioris
1126 1733 1511 1804 structurae
1556 1725 1801 1826 organi
1858 1725 2281 1800 connexione
2338 1748 2504 1810 cum
2569 1723 3041 1804 functionibus
3093 1722 3432 1823 psychicis
3499 1724 3576 1798 id

527 1854 807 1923 tantum
854 1847 1208 1937 novimus,
1262 1846 1623 1922 cerebrum
1670 1853 1985 1922 constare
2032 1869 2073 1920 e
2118 1844 2317 1921 fibris
2374 1844 2858 1920 diversissimis
2903 1851 2977 1919 et
3021 1844 3322 1920 maxime
3369 1843 3573 1918 variis

526 1967 755 2042 modis
812 1991 885 2042 se
948 1967 1244 2043 invicem
1312 1964 1841 2043 decussantibus
1894 1972 1966 2040 et
2024 1989 2065 2040 e
2126 1964 2457 2064 gangliis,
2530 1989 2710 2064 quae
2767 1965 2994 2040 vocari
3045 1965 3306 2054 solent;
3359 2007 3464 2024 --
3503 1973 3576 2039 et

526 2089 991 2164 substantiam
1030 2088 1329 2188 griseam
1372 2088 1655 2187 organi,
1700 2085 1811 2160 his
1846 2085 2147 2184 gangliis
2182 2085 2697 2173 abundantem,
2737 2085 2931 2184 apud
2969 2085 3270 2161 infantes
3311 2087 3576 2162 minore

522 2208 727 2308 copia
766 2208 956 2284 cerni
1010 2216 1086 2284 et
1132 2207 1461 2284 fibi-osam
1508 2213 1929 2282 structuram
1978 2205 2169 2306 apud
2218 2204 2349 2282 hos
2406 2205 2643 2282 minus
2709 2206 2908 2284 facile
2959 2205 3308 2281 observari
3333 2209 3342 2214 ’
3363 2230 3578 2304 quam

522 2327 597 2401 in
654 2327 936 2403 adultis.
1037 2328 1255 2408 Quod
1304 2328 1393 2403 de
1438 2351 1627 2402 nexu
1678 2327 1861 2401 inter
1906 2325 2285 2402 chemicam
2332 2326 2902 2426 compositionem
2954 2326 3195 2426 organi
3243 2334 3316 2401 et
3363 2327 3572 2403 actio-

521 2471 685 2524 nem
738 2447 1135 2548 psychicam
1184 2449 1506 2523 novimus
1526 2504 1547 2536 ‚
1596 2445 1711 2520 vix
1752 2469 2001 2545 operae
2048 2445 2351 2544 pretium
2392 2453 2500 2520 est
2545 2446 2618 2520 in
2661 2447 2792 2521 hac
2817 2447 3236 2544 quaestione
3285 2469 3570 2547 compu-

520 2577 669 2644 tare
688 2601 709 2643 ε
774 2569 1033 2643 scimus
1068 2567 1323 2644 ,solum
1382 2568 1459 2642 in
1510 2565 1790 2643 cerebro
1850 2565 2077 2640 inesse
2122 2589 2406 2664 corpora
2460 2565 2772 2641 chemica
2817 2565 3188 2666 peculiaria
3207 2623 3228 2654 ,
3280 2569 3568 2641 cerebri-

520 2715 677 2762 num
738 2696 811 2763 et
864 2689 1246 2764 lecitbinum
1304 2695 1641 2764 vocarunt
1656 2743 1677 2776 ,
1744 2681 1908 2760 cum
1970 2685 2371 2784 corporibus
2434 2685 2818 2786 pinguibus
2877 2684 3352 2786 phosphorum
3407 2709 3570 2762 con-

522 2806 941 2895 tinentibus,
1013 2805 1103 2882 de
1164 2807 1421 2906 quibus
1439 2864 1461 2896 ‚
1516 2851 1621 2866 -
1677 2811 1958 2880 auctore
2012 2805 2294 2894 Bran,
2346 2849 2451 2868 --
2505 2815 2820 2882 constare
2867 2808 3096 2896 aiunt,
3148 2831 3230 2882 ea
3267 2804 3345 2880 in
3387 2829 3569 2882 oere-

524 2927 650 3001 bro
722 2926 1127 3003 animalium
1190 2926 1451 3003 altioris
1512 2925 1777 3002 ordinis
1848 2923 2107 3000 maiore
2174 2925 2375 3026 copia
2436 2925 2730 3002 inveniri
2749 2983 2771 3016 ‚
2819 2949 3036 3025 quam
3089 2925 3416 3002 ordinum
3464 2926 3571 3000 in-

522 3046 873 3122 seriorum.

622 3166 817 3258 Quae
865 3165 1185 3242 novimus
1228 3166 1317 3241 de
1373 3165 1638 3242 ratione
1700 3166 2121 3244 mutationes
2162 3167 2427 3244 cerebri
2479 3165 2951 3268 pathologicas
3007 3167 3190 3242 inter
3235 3175 3308 3243 et
3355 3169 3567 3246 actio-

521 3310 684 3362 nem
727 3285 1123 3387 psychicam
1162 3285 1441 3362 maioris
1484 3293 1656 3363 sunt
1698 3287 2025 3386 ponderis
2072 3293 2147 3362 et
2205 3286 2634 3364 auctoritatis
2646 3321 2667 3377 3
2717 3286 3116 3387 pathologia
3165 3287 3252 3362 de
3309 3287 3438 3364 ha‘c
3491 3313 3570 3364 re

519 3407 742 3484 multa
787 3405 1149 3484 observata
1206 3407 1552 3507 possidet:
1596 3447 1701 3468 -·
1738 3407 1951 3483 nimis
1998 3407 2367 3484 vehemens
2410 3407 2770 3508 sanguinis
2823 3407 2916 3483 ad
2959 3414 3172 3508 caput
3211 3408 3570 3509 congestio

520 3527 932 3629 vertiginem
980 3527 1266 3604 adducit
1302 3537 1381 3604 et
1423 3527 1677 3604 mentis
1720 3527 2271 3606 obfuscationem
2291 3585 2312 3620 ,
2362 3528 2536 3629 quin
2585 3552 2789 3629 saepe
2839 3527 3018 3603 tollit
3063 3551 3346 3604 omnem
3403 3551 3566 3604 con-

520 3648 881 3725 scientiam
942 3647 1056 3723 sui
1110 3655 1185 3723 et
1226 3647 1569 3724 actionem
1616 3641 2013 3748 ‘psychicam
2064 3650 2642 3748 qualemcunque.
2747 3649 3022 3724 Similes
3083 3647 3372 3725 effectus
3419 3673 3564 3725 cer·
3631 3649 3634 3653 ’

520 3776 785 3842 nuntur
825 3790 868 3841 a
909 3765 1146 3865 copiae
1188 3767 1549 3866 sanguinis
1586 3767 1661 3842 in
1701 3767 1979 3844 cerebro
2022 3793 2279 3869 magna
2318 3768 2796 3846 deminutione
2811 3815 2835 3857 ·,
2881 3769 3096 3843 veluti
3137 3768 3212 3843 in
3252 3769 3562 3844 haemor-

518 3887 779 3987 rhagiis
828 3885 1371 3962 vehementibus.

618 4007 791 4082 Post
860 4005 1139 4084 morbos
1210 4005 1569 4107 psychicos
1582 4065 1605 4097 ,
1680 4030 1857 4108 quos
1931 4014 2217 4099 vocant,
2281 4010 2357 4084 in
2428 4009 2842 4085 cadaverum
2919 4007 3342 4086 sectionibus
3409 4017 3560 4086 tam

518 4126 917 4227 frequenter
960 4137 1297 4230 apparent
1340 4128 1763 4205 mutationes
1808 4129 2167 4206 morbosae
2210 4129 2644 4206 substantiae
2687 4129 2950 4206 cerebri
2999 4129 3108 4206 vel
3146 4130 3296 4206 eius
3335 4155 3556 4207 mem-

518 4245 891 4322 branarum
914 4305 935 4336 ,
984 4257 1067 4323 ut
1116 4271 1241 4348 per
1284 4247 1671 4349 analogiam
1718 4247 1813 4325 ad
1862 4271 2102 4326 earum
2149 4249 2612 4350 praesentiam
2655 4250 3152 4328 concludamus
3201 4253 3309 4326 vel
3351 4250 3438 4325 iis
3481 4251 3557 4324 in

512 4365 795 4442 casibus
812 4425 833 4456 ,
880 4367 955 4442 in
1006 4368 1267 4468 quibus
1306 4393 1447 4445 non
1499 4369 1865 4446 manifesto
1914 4370 2189 4446 ostendi
2234 4380 2552 4472 possunt.
2655 4371 2770 4447 Sic
2825 4373 3244 4448 Frscnnaus
3290 4371 3555 4469 Pragae

514 4487 590 4560 in
638 4487 959 4563 trecentis
1008 4495 1081 4564 et
1124 4488 1603 4589 duodeviginti
1636 4491 2085 4568 cadaveribus
2130 4500 2365 4569 mente
2408 4501 2772 4592 captorum
2817 4491 3104 4590 triginta
3163 4491 3342 4565 duos
3399 4498 3552 4565 tan·

512 4615 673 4684 tum
714 4632 915 4685 casus
954 4609 1378 4700 observavit,
1432 4611 1507 4686 in
1558 4611 1819 4711 quibus
1874 4613 2068 4687 nulla
2104 4612 2501 4712 apparuerit
2539 4611 2836 4686 mutatio
2883 4609 3023 4684 sive
3063 4609 3364 4714 cerebri,
3411 4609 3554 4685 sive

509 4753 667 4805 ems
714 4751 1148 4831 menmgum.

616 4851 830 4928 Porro
896 4851 1261 4930 notissima
1324 4875 1438 4930 res
1498 4861 1609 4932 est
1667 4853 1743 4931 in
1804 4849 2219 4955 profundius
2278 4851 2429 4930 sitis
2477 4850 2770 4929 vallibus
2822 4850 3170 4928 montium
3218 4851 3554 4930 maiorum

2967 4973 3067 5048 22
3082 4971 3125 5018 ⁴⁸*
