4934 6184
1374 696 1544 760 180·
2365 695 2413 760 Ι.
2492 693 2953 758 nlsslNK
3021 693 3419 758 IANSEN

1377 927 1560 1004 quae
1623 903 1874 978 faceret
1951 907 2032 975 ut
2103 899 2429 976 lectiones
2482 901 2981 1002 interrumpere
3042 923 3181 976 non
3246 904 3673 998 cogerentur.
3796 900 4411 976 Aestumatissimo

1379 1031 1614 1098 nostro
1665 1021 1964 1120 collegae
2020 1019 2328 1097 Parmae
2393 1044 2533 1098 non
2586 1047 2671 1096 ex
2736 1028 2885 1096 toto
2934 1021 3055 1096 illa
3102 1018 3289 1095 bona
3337 1017 3657 1093 valetudo
3702 1041 3827 1118 per
3870 1025 4101 1095 totum·
4146 1043 4411 1096 annum

1377 1141 1688 1241 contigit.
1786 1140 2082 1216 Etiamsi
2140 1164 2266 1240 per
2323 1139 2528 1216 ferias
2584 1140 2877 1216 aestivas
2938 1141 3240 1216 multum
3290 1138 3773 1214 convalescerit
3790 1196 3811 1227 ‚
3860 1139 4115 1216 iterum
4174 1147 4409 1216 tamen

1373 1260 1754 1360 impeditur
1799 1259 2173 1361 quominus
2226 1259 2554 1336 lectiones
2608 1285 2771 1336 suas
2816 1258 3087 1336 habeat.
3190 1258 3395 1334 Brevi
3444 1257 3537 1333 ad
3584 1257 3899 1334 sanitatis
3940 1258 4411 1358 integritatem

1373 1379 1781 1455 restituatur
1844 1388 1917 1456 et
1977 1381 2278 1480 corporis
2343 1388 2416 1456 et
2482 1380 2737 1454 mentis
2790 1379 3055 1454 viribus
3096 1378 3337 1477 vigens
3378 1374 3639 1450 festum
3680 1375 3867 1451 diem
3886 1434 3907 1465 ,
3959 1377 4083 1475 qui
4126 1378 4407 1454 iamiam

1235 1561 1242 1570 .
1375 1499 1439 1573 ei
1477 1498 1848 1574 adfuturus
1889 1507 1998 1575 est
2016 1558 2037 1589 ,
2086 1499 2430 1578 celebrare
2464 1499 2568 1574 illi
2614 1500 3007 1599 contingat,
3058 1521 3200 1596 quo
3240 1521 3365 1598 per
3400 1493 3700 1570 lustrum
3737 1495 4090 1596 integrum
4124 1521 4407 1572 munere

1318 1707 1325 1713 ,
1376 1642 1504 1694 suo
1545 1619 1618 1692 in
1657 1619 1786 1695 hac
1827 1619 2210 1695 Academia
2247 1620 2531 1696 functus
2564 1617 2731 1708 erit,
2779 1660 2876 1677 —
2929 1617 3053 1692 diu
3090 1629 3398 1692 servetur
3432 1614 3615 1704 suis,
3664 1615 3903 1706 nobis,
3950 1615 4371 1692 Academiae
4390 1677 4409 1707 ,

1371 1737 1718 1813 Ecclesiae
1765 1763 1808 1812 a
1857 1739 2010 1814 Deo
2055 1739 2324 1840 optimo
2369 1739 2675 1814 maximo
2724 1761 3106 1836 precamur.
4248 1839 4253 1844 “

1469 1856 1690 1932 Vobis
1749 1857 2050 1958 collegae
2095 1858 2475 1948 carissimi,
2522 1859 2880 1946 anxaa,
2936 1858 3341 1932 Famcxmv
3392 1863 3463 1929 et
3514 1876 3664 1930 van
3712 1855 4069 1930 Bonnvan
4118 1857 4375 1932 Fauna
4394 1917 4412 1946 ,

1373 2001 1548 2074 quos
1589 1977 1886 2052 Senatus
1939 1977 2220 2052 nomine
2269 1977 2567 2054 salutare
2598 2001 2857 2052 munus
2892 1983 3200 2052 vestrum
3240 1975 3578 2050 adeuntes
3618 1973 3863 2048 rectori
3890 1971 4065 2048 mihi
4086 1975 4413 2076 contigit,

1372 2095 1586 2169 hodie
1648 2096 1958 2194 gratulor
2021 2097 2162 2171 iam
2225 2104 2494 2195 partem
2552 2097 2765 2170 huius
2810 2096 2977 2172 anni
3024 2095 3097 2169 in
3140 2117 3427 2169 munere
3480 2091 3897 2168 Academico
3948 2103 4409 2169 consumtam.

1372 2215 1528 2288 Iam
1611 2205 1820 2313 supra
1895 2214 2081 2303 dixi,
2150 2215 2454 2290 laborem
2533 2203 2831 2290 vestrum
2895 2213 3313 2290 Academiae
3376 2213 3837 2312 profuturum.
3962 2213 4051 2286 Id
4118 2214 4249 2312 ipsi
4332 2224 4413 2288 ut

1377 2333 1690 2408 sentiatis
1747 2333 2124 2431 aliquando
2185 2333 2382 2410 vobis
2438 2344 2691 2434 exopto
2732 2344 2805 2408 et
2850 2335 2941 2410 sit
2983 2335 3117 2409 iste
3166 2357 3409 2408 sensus
3450 2332 3645 2408 vobis
3694 2331 3767 2406 in
3816 2332 4157 2432 prosperis
4200 2333 4411 2410 rebus

1372 2452 1718 2530 felicitatis
1765 2453 2188 2530 incremento
2207 2511 2228 2542 ,
2277 2453 2351 2528 in
2400 2454 2613 2529 rebus
2653 2453 2967 2529 adversis
2986 2512 3005 2542 ‚
3056 2475 3233 2552 quas
3274 2453 3469 2527 Deus
3512 2458 3776 2527 avertat
3790 2511 3811 2542 ‚
3864 2451 4124 2528 solatio.

1469 2691 1666 2766 Licet
1747 2715 1952 2768 nemo
2030 2693 2519 2770 hodiernorum
2592 2694 3053 2794 professorum
3122 2691 3539 2769 Academiae
3602 2699 3883 2792 ereptus
3952 2691 4080 2779 sit,
4122 2696 4125 2705 '
4162 2691 4419 2766 mentio

1373 2821 1608 2886 tamen
1658 2811 1974 2888 facienda
2031 2822 2140 2888 est
2202 2814 2446 2890 mortis
2479 2814 2630 2889 Viri
2676 2813 3102 2904 Clarissimi,
3154 2813 3278 2913 qui
3330 2811 3647 2914 pluribus
3698 2812 3901 2888 annis
3947 2819 4111 2887 ante
4160 2811 4417 2911 profes·

1369 2932 1548 3006 sorio
1597 2955 1884 3008 munere
1931 2933 2006 3008 in
2057 2933 2513 3008 universitate
2552 2935 3003 3036 Groningana
3046 2941 3155 3010 est
3200 2932 3504 3008 functus.

1473 3051 1760 3128 Sentitis
1807 3077 1920 3129 me
1961 3052 2264 3153 cogitare
2317 3053 2697 3129 Summa
2740 3055 3119 3130 Baouwna
3139 3111 3159 3142 ‚
3214 3051 3338 3153 qui
3382 3075 3567 3127 anno
3608 3052 3931 3128 vicesimo
3966 3051 4171 3128 tertio
4214 3052 4420 3127 huius

1377 3171 1633 3244 saeculi
1701 3172 2194 3271 professorium
2258 3197 2521 3247 munus
2566 3173 2776 3262 adiit,
2842 3173 3080 3250 habita
3124 3173 3463 3248 oratione:
3538 3174 3665 3246 nde
3698 3171 4071 3246 matheseos
4120 3157 4421 3247 &tilitate

1374 3292 1690 3364 universa
1739 3295 2121 3390 praecipue
2187 3295 2288 3366 ad
2317 3295 2611 3390 patriae
2670 3301 2943 3368 nostrae
2984 3293 3319 3368 commoda
3335 3292 3405 3380 ,³³
3467 3333 3567 3348 —
3622 3298 3697 3366 et
3736 3315 3779 3366 e
3818 3290 4023 3366 cuius
4072 3289 4420 3366 indefesso

1374 3405 1608 3480 labore
1679 3416 1752 3481 et
1811 3432 2072 3508 magna
2133 3408 2523 3485 eruditione
2586 3434 2807 3508 usque
2849 3411 2941 3487 ad
2990 3435 3253 3488 annum
3299 3409 3735 3510 trigesimum
3780 3411 4097 3512 quintum
4140 3409 4414 3484 fructus

1377 3523 1564 3624 cepit
1604 3525 2002 3604 Academia.
2068 3529 2234 3606 Quo
2277 3534 2589 3629 tempore
2634 3528 2959 3604 valedixit
2986 3530 3053 3605 ei
3089 3537 3163 3606 et
3193 3530 3503 3630 privatus
3542 3529 3712 3604 vixit
3727 3588 3750 3618 ‚
3796 3529 4007 3606 donec
4046 3529 4413 3638 delegatus

1377 3667 1467 3718 ex
1523 3643 1886 3720 ordinibus
1945 3644 2345 3722 Provinciae
2405 3646 2669 3722 Frisiae
2726 3647 2974 3748 Hagae
3019 3650 3354 3725 comitum
3398 3649 3761 3725 ordinibus
3809 3647 4239 3748 generalibus
4284 3649 4411 3723 ad-

1381 3761 1680 3862 scriptus
1717 3761 1984 3861 patriae
2021 3763 2402 3839 commodis
2439 3765 2769 3841 inservire
2801 3766 2937 3843 alio
2968 3791 3181 3867 quam
3205 3775 3409 3844 antea
3434 3770 3642 3845 modo
3666 3769 3931 3868 coepit,
3974 3769 4167 3869 quod
4196 3791 4421 3868 quum

1383 3881 1814 3980 aliquamdiu
1849 3880 2124 3959 fecisset
2141 3939 2164 3972 ,
2211 3881 2305 3958 ad
2348 3882 2564 3960 vitam
2602 3885 2941 3985 privatam
2982 3886 3223 3976 rediit,
3282 3885 3359 3962 in
3412 3903 3555 3988 qua
3590 3887 3825 3966 studia
3870 3913 4001 3965 sua
4025 3911 4415 3988 numquam

1379 3999 1722 4097 neglexit,
1770 4000 1893 4075 sed
1937 4025 2020 4078 ea
2065 4001 2287 4079 colere
2339 4027 2481 4078 non
2525 4003 2753 4079 desiit.
2854 4005 3001 4084 Qui
3039 4005 3207 4082 olim
3246 4005 3610 4108 discipuli,
3656 4005 3959 4107 collegae
4004 4016 4203 4083 erant
4242 4007 4411 4083 ami-

1379 4139 1541 4190 cum
1591 4117 1706 4215 pie
1749 4119 2194 4194 recordantur
2241 4122 2466 4198 virum
2519 4147 2676 4198 vere
2725 4131 3229 4224 praestantem
3274 4127 3391 4202 cui
3434 4125 3698 4202 utinam
3746 4132 3929 4202 terra
3968 4126 4139 4202 levis
4183 4126 4311 4201 sit!

1349 4319 1360 4326 ,
1480 4235 1806 4312 Dolorem
1861 4245 2166 4312 vestrum
2219 4239 2549 4317 innovare
2596 4267 2817 4342 paene
2856 4268 3122 4335 vereor,
3182 4269 3347 4321 cum
3397 4269 3517 4321 vos
3561 4245 3874 4345 alloquor
3893 4303 3913 4334 ‚
3962 4244 4222 4344 quibus
4264 4247 4407 4346 pal—

1376 4355 1518 4432 lida
1561 4378 1750 4431 mors
1793 4379 1950 4432 cara
1995 4355 2190 4432 vobis
2237 4360 2466 4459 capita
2504 4359 2813 4438 abstulit.

1470 4477 1582 4551 Tu
1598 4533 1620 4565 ‚
1657 4475 2072 4554 amicissime
2123 4499 2272 4553 van
2317 4479 2531 4558 Dum
2553 4537 2575 4569 ‚
2622 4479 2852 4557 adhuc
2900 4489 3190 4558 mortem
3237 4483 3437 4581 luges
3482 4505 3719 4558 socrus
3756 4505 3971 4560 carae.

1409 4653 1414 4658 .
1471 4597 1584 4670 Tu
1600 4654 1621 4685 ‚
1668 4596 2120 4674 Nobilissime
2160 4620 2260 4674 na
2299 4597 2452 4674 Vos
2480 4622 2629 4675 van
2660 4600 3085 4677 Srnnuwrsx
3098 4661 3121 4691 ‚
3164 4601 3513 4678 desideras
3550 4603 3981 4678 carissimum
4020 4603 4243 4679 filium
4260 4663 4281 4692 ,
4328 4605 4399 4678 in

1373 4715 1502 4790 hac
1541 4716 2002 4795 Universitate
2045 4717 2218 4794 iuris
2259 4719 2651 4796 studiosum
2664 4778 2685 4809 ,
2724 4719 2856 4796 tibi
2873 4778 2894 4812 ,
2928 4720 3307 4821 amicisque
3340 4721 3487 4796 suis
3522 4721 3730 4823 longo
3771 4722 4016 4798 morbo
4060 4729 4395 4822 ereptum.

1375 4833 1690 4909 Acerbus
1749 4861 1948 4914 casus
2007 4838 2140 4914 tibi
2205 4838 2424 4918 dolori
2486 4839 2655 4933 fuit,
2716 4839 3005 4941 eiusque
3074 4840 3327 4918 doloris
3378 4864 3508 4920 nos
3561 4866 3839 4943 quoque
3894 4853 4161 4942 partem
4216 4849 4401 4918 certe
