4934 6184
1301 677 1432 742 224
2382 667 2602 737 C.'M.
2674 668 3259 736 FRANCKEN

1301 883 1426 982 qui
1448 942 1469 973 ,
1533 906 1673 981 quo
1739 879 1962 980 magis
2027 878 2269 979 lingua
2323 876 2460 954 fuit
2509 903 2554 954 a
2600 877 3050 979 scriptoribus
3104 875 3417 965 exculta,
3482 897 3565 950 eo
3620 875 3859 954 minus
3906 877 4025 954 ills
4080 879 4358 958 licentia

1298 1003 1414 1078 usi
1477 1008 1662 1076 sunt.
1777 998 2078 1074 Puero
2143 1005 2216 1074 et
2270 998 2633 1074 OAncrmo
2700 998 2921 1074 maior
2980 997 3117 1074 fuit
3172 995 3249 1072 in
3298 1017 3383 1072 eo
3431 1017 3689 1095 genere
3747 995 4034 1073 libertas
4054 1057 4073 1086 ,
4142 1025 4353 1100 quam

1291 1122 1648 1196 Vmermo
1713 1124 1786 1192 et
1854 1115 2208 1193 HoaA'rro
2228 1175 2250 1207 ,
2322 1141 2536 1216 quam
2609 1115 2949 1215 pedestris
3019 1113 3347 1190 orationis
3420 1114 3899 1215 scriptoribus,
4024 1119 4352 1208 Accedit,

1297 1239 1489 1340 quod
1549 1259 1798 1312 novare
1857 1235 2123 1336 aliquid
2189 1236 2282 1312 ad
2345 1243 2779 1336 praesentem
2842 1259 3051 1310 usum
3096 1235 3172 1309 in
3214 1233 3457 1336 lingua
3512 1233 3813 1335 antiqua
3864 1259 3975 1312 res
4015 1247 4125 1312 est
4174 1238 4349 1314 diffi-

1295 1359 1584 1448 cillima,
1636 1358 1850 1457 idque
1907 1351 2072 1434 raro'
2125 1381 2252 1433 nec
2311 1357 2449 1432 nisi
2495 1356 2931 1458 peritissimis
2978 1355 3398 1432 conceditur.
3498 1355 3765 1454 Neque
3820 1355 4109 1446 iniuria;
4152 1359 4352 1458 longe
4390 1345 4400 1356 ’

1295 1481 1482 1556 enim
1535 1470 1804 1556 facilius
1863 1487 1970 1554 est
2013 1477 2376 1578 ingenium
2423 1477 2759 1552 sermonis
2779 1535 2799 1566 ,
2844 1474 3037 1576 quod
3084 1475 3257 1552 sciat
3302 1497 3583 1551 necesse
3638 1481 3787 1566 est,
3835 1476 3961 1574 qui
4014 1500 4195 1552 nova
4234 1478 4351 1554 fic·

1299 1611 1500 1675 turus
1567 1607 1675 1674 est
1739 1597 1946 1674 verba
1966 1656 1988 1687 ,
2051 1623 2090 1672 e
2141 1598 2294 1674 viva
2337 1598 2581 1698 populi
2634 1622 2797 1674 voce
2859 1594 3126 1674 efficere
3144 1653 3168 1684 ,
3228 1617 3444 1694 quam
3504 1617 3595 1688 ex
3653 1593 4041 1670 litterarum
4090 1596 4357 1672 umbris
4454 1695 4465 1706 ·

1298 1720 1623 1795 divinare.
1723 1719 1974 1817 Itaque
2019 1718 2230 1819 vulgo
2289 1718 2663 1795 recurritur
2718 1716 2811 1792 ad
2867 1715 3203 1794 vocabula
3248 1716 3522 1791 Graeca
3546 1772 3567 1805 ,
3622 1722 3747 1790 aut
3790 1715 3883 1790 ad
3930 1711 4315 1792 remedium
4334 1776 4355 1806 ,

1296 1839 1486 1939 quod
1537 1839 1869 1914 damnum
1937 1863 2323 1938 numquam
2381 1845 2611 1938 potest
2658 1835 2981 1913 resarcire
3001 1894 3022 1925 ,
3070 1844 3152 1911 ut
3200 1833 3575 1910 verborum
3622 1833 4097 1910 circumitione
4154 1846 4354 1912 utan-

1296 1966 1430 2036 tur.
1531 1958 1608 2032 Si
1663 1958 1822 2058 quis
1871 1957 2186 2047 dubitet,
2245 1959 2513 2034 evolvat
2558 1957 2981 2058 legislatores
3026 1956 3156 2031 hoc
3198 1956 3273 2030 in
3320 1977 3575 2056 genere
3595 2013 3617 2043 ,
3682 1954 3826 2031 iam
3880 1981 3923 2030 a
3967 1957 4355 2032 Nonrnmo

1295 2078 1414 2153 illo
1475 2079 1642 2152 satis
1703 2101 2048 2176 superque
2111 2086 2278 2152 noto
2296 2135 2316 2166 ,
2389 2077 2592 2153 cuius
2652 2058 3161 2152 Antibarbarus
3220 2074 3507 2152 -nubem
3584 2075 4056 2175 exemplorum
4132 2077 4355 2152 offert.

1299 2197 1478 2271 Inde
1530 2196 1786 2270 diffluit
1829 2196 2047 2270 oratio
2067 2253 2088 2284 ,
2137 2204 2262 2270 aut
2285 2223 2290 2228 ·
2315 2195 2525 2270 afluit
2566 2196 2961 2285 lutulenta,
3000 2203 3083 2270 ut
3126 2195 3218 2270 sit
3265 2194 3461 2294 quod
3510 2192 3759 2270 tollere
3810 2196 4063 2284 velis,”
4110 2197 4169 2269 si
4214 2196 4351 2270 uti-

1301 2342 1439 2414 que
1479 2315 1680 2391 malis
1723 2315 1992 2414 aliquid
2037 2315 2422 2414 relinquere
2441 2374 2461 2405 ,
2512 2341 2725 2413 quam
2765 2323 2985 2392 totam
3030 2315 3349 2391 abiicere.

1396 2437 1492 2508 Et
1559 2443 1706 2510 toto
1767 2434 1956 2509 coelo
2004 2435 2416 2510 recentiores
2472 2435 2751 2535 linguae
2800 2461 2843 2512 a
2903 2435 3154 2512 Latina
3200 2434 3553 2510 differunt.
3658 2435 3737 2508 Si
3778 2435 3928 2510 fieri
3975 2441 4211 2534 posset
4250 2479 4353 2491 —

1299 2578 1724 2654 quamquam
1787 2553 2138 2653 quomodo
2197 2555 2452 2654 possit,
2524 2579 2665 2631 non
2716 2555 2916 2631 video
2964 2599 3064 2616 --
3112 2555 3239 2631 sed
3290 2555 3354 2630 si
3395 2555 3548 2631 fieri
3593 2563 3881 2654 posset,
3932 2563 4013 2630 ut
4054 2553 4359 2653 optimus

1299 2675 1586 2773 quidam
1639 2673 2039 2750 Latinitatis
2087 2673 2300 2750 iudex
2369 2675 2665 2777 singulis
2731 2674 2977 2764 rebus,
3052 2699 3235 2774 quse
3300 2673 3619 2773 antiquis
3688 2675 3972 2774 ignotae
4036 2673 4359 2760 fuerunt,

1296 2791 1580 2869 nomina
1628 2801 1954 2894 poneret,
2002 2793 2077 2868 in
2125 2793 2324 2871 cuius
2372 2795 2779 2876 auctoritate
2826 2795 3075 2894 reliqui
3122 2793 3556 2894 acquiescere
3570 2801 3695 2885 nt,
3750 2803 3989 2870 tamen
4058 2801 4141 2868 ut
4180 2793 4363 2869 color

1295 2915 1578 3014 linguae
1645 2920 2028 2990 servaretur
2087 2937 2368 3013 prorsus
2433 2940 2713 2991 necesse
2776 2923 2979 2992 esset.
3080 2915 3242 2992 Hoc
3301 2939 3461 2990 vero
3511 2939 3725 3013 quam
3784 2915 3877 2990 sit
3916 2915 4195 2990 difficile
4236 2914 4321 2989 iis
4340 2971 4361 3002 ,

1297 3036 1422 3137 qui
1463 3058 1716 3136 parum
1759 3035 2090 3134 temporis
2131 3033 2400 3112 Ietinis
2445 3036 2639 3112 libris
2682 3036 2845 3112 dare
2886 3036 3189 3136 possint,
3242 3059 3470 3136 neque
3531 3035 3663 3111 toti
3702 3060 3855 3112 esse
3904 3037 3981 3111 in
4017 3036 4323 3134 antiquis
4340 3093 4361 3124 ,
4418 3035 4427 3043 ’

1281 3157 1494 3232 -facile
1565 3155 1740 3232 mihi
1830 3156 1986 3232 AA.
2057 3155 2446 3233 concedetis
2462 3215 2486 3247 ,
2564 3157 2625 3232 si
2708 3155 3187 3256 reputaveritis
3209 3214 3230 3245 ,
3300 3154 3799 3231 usitatissimas
3886 3155 4098 3231 etiam
4162 3155 4361 3230 nobis

1270 3251 1616 3350 ‘notiones
1635 3334 1670 3364 „
1694 3275 2061 3376 praecipue
2101 3300 2334 3352 rerum
2371 3278 2869 3352 abstractarum
2884 3335 2906 3365 ,
2949 3275 3093 3350 suis
3130 3275 3357 3351 verbis
3414 3276 3605 3376 apud
3642 3276 3997 3350 Romanos
4034 3276 4357 3352 caruisse.

1303 3397 1468 3468 Non
1540 3403 1685 3468 tam
1753 3394 1928 3468 mihi
2000 3395 2276 3470 difficile
2337 3395 2610 3470 videtur
2666 3395 2943 3494 propria
3006 3394 3266 3470 artium
3341 3392 3680 3470 vocabula
3742 3395 4086 3486 (technica
4144 3393 4353 3492 vulgo

1308 3514 1583 3605 dicunt)
1653 3513 1906 3588 Latine
1969 3512 2208 3588 efferre
2229 3571 2250 3602 ,
2321 3537 2536 3612 quam
2598 3513 2773 3588 adeo
2839 3537 3045 3589 succo
3112 3513 3548 3613 antiquitatis
3616 3511 3952 3588 nutritum
4012 3535 4161 3587 esse
4179 3569 4201 3601 ,
4266 3517 4351 3584 ut

1309 3635 1598 3710 alteram
1641 3633 1836 3709 illam
1889 3631 2256 3708 verborum
2303 3632 2799 3732 supellectilem
2840 3657 2981 3710 non
3026 3631 3396 3709 desideres.

1401 3754 1506 3830 At
1575 3753 1706 3828 hoc
1778 3752 1968 3842 loco,
2037 3751 2214 3850 quid
2243 3827 2252 3845 ,
2277 3750 2452 3826 1111111
2512 3748 2850 3827 obiecturi
2917 3751 3057 3826 sint
3118 3750 3473 3842 nonnulli,
3538 3751 3740 3828 facile
3798 3750 4183 3851 praevideo.
4280 3749 4359 3821 Si

1311 3875 1493 3949 tanti
1556 3872 1812 3980 laboris
1871 3880 1982 3949 est
2025 3863 2274 3948 Latine
2325 3871 2655 3963 scribere,
2704 3870 2829 3972 qui
2868 3871 3019 3947 fieri
3064 3872 3296 3972 potuit
3314 3924 3339 3964 ,
3384 3878 3467 3948 ut
3512 3871 3679 3948 inde
3724 3897 3770 3948 a
3816 3871 4073 3948 renatis
4114 3869 4362 3944 litteris

1312 4001 1420 4067 tot
1465 3993 1594 4068 viri
1635 3987 1886 4069 Latine
1937 3992 2386 4094 scripserint?
2483 3992 2601 4068 An
2646 4017 2888 4070 omnes
2932 3991 3007 4068 hi
3048 3991 3229 4068 male
3274 3991 3627 4094 scripsisse
3668 3990 4116 4068 existimandi
4150 3991 4362 4066 sunt?

1317 4114 1513 4187 Bene
1583 4113 1936 4213 scripsisse
2006 4136 2148 4188 non
2215 4112 2474 4189 multos
2536 4119 2711 4212 puto
2730 4171 2751 4204 ,
2818 4112 2969 4188 sed'
3008 4112 3189 4189 clare
3206 4171 3229 4203 ‚
3292 4112 3654 4214 perspicue
3673 4171 3695 4203 ,
3744 4111 4095 4188 subtiliter
4150 4131 4365 4208 quam

1317 4233 1676 4335 plurimos.
1775 4232 1937 4308 Hoc
1991 4256 2152 4308 vero
2207 4256 2420 4332 quare
2467 4255 2657 4308 nunc
2700 4232 2932 4309 minus
2973 4230 3173 4310 facile
3219 4233 3565 4332 possimus
3612 4233 3923 4332 assequi,
3974 4229 4217 4330 paucis
4260 4235 4363 4302 est

1312 4353 1824 4436 declarandum.

1411 4475 1573 4551 Una
1617 4483 1769 4552 erat
1811 4473 1982 4550 olim
2033 4471 2238 4573 quasi
2276 4471 2667 4572 respublica
2710 4471 3013 4550 virorum
3054 4472 3415 4550 doctorum
3436 4529 3459 4565 ,
3504 4475 3796 4574 eiusque
3834 4471 4135 4550 civitatis
4176 4493 4361 4545 com-

1315 4619 1600 4674 munem
1651 4595 1967 4698 linguam
2007 4593 2208 4672 facile
2253 4592 2553 4696 quisque
2599 4589 2933 4672 discebat.
2992 4595 3062 4670 A
3104 4593 3355 4672 teneris
3395 4619 3617 4698 quum
3660 4593 3877 4671 veluti
3912 4591 4362 4669 saluberrimo

1316 4717 1574 4822 mentis
1639 4716 2070 4793 nutrimento
2129 4715 2248 4792 illa
2318 4714 2799 4792 imbuerentur
2814 4772 2837 4808 ,
2908 4739 3048 4792 non
3112 4715 3338 4818 magis
3408 4716 3648 4816 lingua
3704 4713 4064 4792 sententiis
4085 4770 4107 4801 ,
4147 4733 4357 4811 quam

1319 4836 1620 4934 cogitata
1673 4837 1972 4914 sermoni
2025 4861 2100 4914 se
2147 4835 2800 4930 accommodabant;
2871 4835 3022 4916 eius
3080 4861 3221 4914 non
3290 4836 3679 4914 sentiebant
3736 4834 4043 4934 inopiam
4058 4891 4079 4926 ,
4146 4828 4358 4928 copiis
