4934 6184
1403 678 1490 742 48
2333 657 2339 662 ⁴
2592 668 3230 738 J.J.1³R1Ns

1401 907 1614 983 quam
1679 879 1947 968 dicitis,
2011 875 2585 966 Universitatem,
2656 877 2729 951 111
2784 901 2925 976 qua
2988 875 3246 950 scilicet
3314 872 3599 950 historia
3656 882 4013 950 enarretur
4074 876 4434 964 universa,

1399 1001 1686 1077 historia
1732 1023 1890 1075 vero
1933 996 2388 1073 ecclesiastica
2403 1049 2428 1090 ,
2478 1019 2657 1094 quae
2702 1019 2865 1071 cum
2906 1020 2990 1070 ea
3030 995 3277 1070 intime
3316 994 3674 1083 cohaeret,
3724 1017 3865 1070 11011
3907 993 4125 1082 item;
4176 995 4251 1068 in
4296 1015 4437 1092 qua

1401 1121 1627 1197 omnis
1693 1127 1971 1196 strenue
2029 1116 2344 1192 tradatur
2398 1099 2874 1214 philosophia,
2941 1139 3216 1190 summa
3266 1135 3425 1188 vero
3472 1113 3623 1188 eius
3670 1137 3869 1212 pars,
3918 1137 4099 1212 quae
4151 1115 4241 1188 de
4285 1113 4437 1188 Deo

1404 1240 1553 1340 agit
1611 1245 1682 1313 et
1747 1235 2126 1335 Theologia
2195 1235 2451 1310 dicitur
2503 1234 2901 1323 Naturalia,
2964 1257 3107 1308 non
3166 1233 3379 1322 item3
3426 1231 3502 1306 in
3544 1257 3686 1330 qua
3722 1275 3826 1293 —
3874 1257 3963 1315 ne
4008 1233 4215 1331 plura
4256 1233 4433 1306 exci-

1404 1367 1548 1432 tem
1605 1401 1708 1418 —
1757 1358 2060 1430 Graecae
2101 1353 2529 1459 Latinaeque
2575 1360 2649 1429 et
2692 1376 2849 1428 vero
2893 1352 3281 1427 Orientales
3324 1375 3601 1427 summa
3638 1375 3804 1427 cura
3846 1351 4163 1426 colantur
4202 1351 4435 1426 literae

1404 1477 1754 1575 totiusque
1795 1473 2228 1572 antiquitatis
2265 1473 2715 1572 grammatice
2752 1472 3214 1570 explicentur,
3262 1492 3443 1569 quae
3484 1477 3894 1570 supersunt,
3944 1478 4396 1546 monumenta
4412 1528 4432 1559 ,

1406 1596 1579 1696 quin
1643 1603 1716 1670 et
1763 1595 1912 1692 ipse
1953 1593 2280 1667 Koranus
2297 1649 2319 1680 ,
2367 1591 2685 1666 Arabum
2730 1589 2903 1667 liber
2958 1590 3431 1667 sanctissimus
3449 1649 3471 1680 ,
3534 1589 3741 1666 Sacra
3794 1615 3953 1666 vero
4002 1590 4190 1665 Novi
4229 1588 4433 1664 Vete-

1405 1718 1640 1814 risque
1699 1711 2126 1789 Testamenti
2183 1710 2436 1809 scripta
2457 1769 2479 1800 ,
2549 1735 2729 1809 quae
2785 1711 3009 1810 ipsam
3069 1710 3207 1784 Dei
3270 1708 3799 1808 patefactionem
3819 1767 3839 1798 ,
3918 1710 4173 1807 scripto
4236 1708 4434 1784 nobis

1405 1834 1877 1934 consignatam
1900 1887 1920 1918 ,
1984 1837 2056 1904 et
2105 1829 2205 1904 rei
2260 1828 2696 1904 Christianae
2740 1828 2938 1905 initia
2982 1829 3341 1928 ipsiusque
3384 1827 3558 1903 adeo
3610 1827 3883 1902 divinae
3927 1827 4237 1902 veritatis
4280 1850 4432 1901 nor-

1399 1978 1590 2028 mam
1640 1959 1852 2050 atque
1902 1948 2264 2025 obrussam
2317 1948 2711 2038 continent,
2777 1972 2919 2022 non
2963 1948 3167 2024 item!
3252 1948 3607 2026 Quorsum
3661 1947 3883 2022 haec?
3952 1946 4310 2022 Nimirum
4361 1953 4441 2020 ut

1403 2070 1808 2170 intelligatis
1824 2127 1845 2158 ,
1893 2067 2300 2142 Auditores!
2353 2076 2779 2167 quantopere
2818 2066 3233 2165 Academiae
3267 2065 3577 2155 intersit,
3628 2089 3839 2141 suum
3877 2066 4061 2142 inter
4099 2064 4441 2140 bonarum

1405 2189 1661 2264 artium
1731 2186 2338 2285 doctrinarumque
2415 2187 2713 2262 cultores
2779 2184 3147 2285 Theologis
3224 2193 3536 2260 constare
3606 2185 3858 2262 locum.
3982 2187 4136 2262 Nec
4206 2194 4441 2262 tamen

1404 2333 1586 2406 nego
1605 2366 1625 2397 ,
1672 2307 1792 2382 illa
1837 2332 1878 2382 a
1917 2332 2032 2381 me
2072 2305 2477 2406 praesertim
2516 2305 2591 2380 111
2628 2305 3134 2405 Theologorum
3171 2305 3531 2407 ipsiusque
3578 2305 3753 2380 adeo
3794 2305 4212 2406 'theologiae
4253 2305 4438 2382 favo-

1329 2439 1352 2453 *
1403 2453 1552 2502 rem
1618 2426 1972 2527 disputata
2041 2449 2213 2500 esse.
2314 2425 2513 2499 Haec
2583 2425 2765 2500 enim
2788 2482 2808 2513 ,
2876 2425 3065 2524 quod
3118 2424 3311 2500 haud
3364 2424 3607 2500 infima
3666 2424 3819 2499 eius
3880 2425 4033 2500 laus
4097 2425 4446 2500 censenda

1275 2595 1284 2608 -
1409 2556 1512 2622 est
1538 2605 1558 2638 ,
1606 2547 1776 2622 haec
1795 2603 1816 2635 ,
1879 2546 1939 2620 si
1988 2568 2128 2644 qua
2172 2543 2306 2620 alia
2323 2541 2341 2556 “
2362 2543 2723 2642 disciplina
2741 2601 2761 2632 ,
2829 2551 2991 2618 utut
3032 2543 3142 2618 sui
3181 2542 3350 2617 iuris
3370 2601 3391 2632 ,
3456 2550 3839 2619 ceterarum
3886 2552 4118 2620 tamen
4166 2547 4445 2620 tantum'

1405 2692 1546 2742 non
1607 2665 1924 2741 omnium
1983 2663 2298 2739 subsidia
2352 2663 2489 2739 sibi
2544 2663 2815 2763 quaerit
2874 2687 3129 2762 casque
3188 2661 3323 2738 sibi
3373 2663 3447 2737 in
3498 2662 3835 2738 auxilium
3884 2671 4081 2739 vocat
4129 2663 4441 2762 quotidie

1405 2786 1835 2884 humanique
1895 2783 2070 2858 nihil
2142 2807 2424 2885 prorsus
2465 2809 2509 2859 a
2554 2806 2627 2857 se
2680 2783 2987 2858 alienum
3036 2789 3280 2882 putat,
3340 2781 3613 2856 etiamsi
3644 2807 3773 2857 ·res
3821 2784 4125 2858 maxime
4171 2782 4442 2858 divinae

1409 2906 1558 2979 eius
1599 2929 1802 2978 curae
1845 2902 2249 2978 commissae
2297 2902 2458 2978 sint.
2537 2903 2897 2978 oomnis
2938 2910 3245 2978 vestra
3284 2902 3569 2989 sunt''‚
3619 2901 3718 2974 ita
3738 2901 4037 2976 PAnnus
4066 2903 4445 3002 Apostolus

1409 3025 1500 3098 ad
1544 3046 1785 3097 omnes
1835 3023 2168 3096 Cmusro
2213 3021 2428 3096 fidem
2478 3020 2851 3096 habentes:
2903 3022 3092 3121 quod
3132 3022 3283 3096 eius
3322 3020 3589 3096 dictum
3629 3019 4055 3118 praeclarum
4092 3021 4182 3096 de
4222 3022 4439 3098 'I'heo-

1409 3143 1584 3242 logis
1651 3141 1968 3240 inprimis
2042 3141 2222 3215 valet
2283 3165 2438 3214 vere
2506 3140 2945 3230 Christianis,
3012 3142 3271 3240 quippe
3342 3163 3640 3238 quorum
3711 3164 3919 3215 nemo
3976 3141 4259 3216 nomine
4318 3167 4441 3217 suo

1415 3261 1710 3358 dignum
1766 3283 1838 3336 se
1885 3258 2342 3359 praestiterit,
2409 3259 2546 3333 nisi
2588 3259 3051 3335 liberaliorum
3102 3253 3357 3336 artium
3407 3259 3897 3357 literarumque
3952 3260 4439 3337 humaniorum

1413 3375 1805 3476 cognitione
1870 3375 2318 3474 probabiliter
2378 3375 2638 3451 tinctus
2693 3376 2925 3454 fuerit.
3021 3380 3130 3453 De
3179 3377 3392 3453 literis
3436 3384 3674 3453 autem
3717 3378 4246 3457 humanioribus
4293 3390 4439 3457 stu-

1413 3496 1688 3594 diisque
1707 3553 1728 3583 ,
1794 3520 1973 3594 quae
2021 3495 2348 3569 dicuntur
2364 3553 2385 3584 ,
2435 3495 2945 3596 Theologorum
2987 3495 3535 3598 propaedeuticis
3585 3497 3700 3572 vix
3742 3507 3847 3574 est
3862 3558 3883 3589 ,
3934 3502 4126 3601 quod
4172 3501 4433 3578 dicam:

1414 3614 1588 3689 adeo
1633 3614 1708 3688 in
1759 3615 1994 3688 oculos
2041 3614 2362 3703 incurrit,
2411 3613 2583 3689 haec
2625 3638 2903 3714 prorsus
2952 3616 3019 3690 ei
3054 3615 3435 3692 necessaria
3480 3639 3631 3692 esse
3648 3675 3669 3705 ‚
3718 3617 3843 3716 qui
3887 3618 3963 3692 111
4007 3621 4437 3721 Theologicis

1413 3733 1593 3808 vitae
1653 3757 1817 3808 suae
1890 3732 2412 3808 tabernaculum
2477 3734 2809 3810 collocare
2858 3736 3113 3837 cupiat.
3213 3736 3353 3810 Sed
3400 3735 3539 3810 dici
3590 3760 3729 3810 non
3774 3748 4047 3838 potest,
4098 3747 4439 3837 quantum

1345 3839 1360 3850 ’
1413 3853 1477 3925 ei
1519 3854 1918 3928 Matheseos
1942 3911 1963 3941 ,
2025 3853 2376 3927 Historiae
2418 3854 2773 3930 Naturalis
2794 3913 2815 3943 ‚
2863 3855 3189 3954 Physices
3238 3863 3309 3930 et
3352 3857 3833 3932 Astronomiae
3884 3857 4227 3933 elementa
4278 3859 4439 3934 alia-

1417 3998 1555 4070 que
1599 3975 1799 4072 plura
1840 3973 2181 4048 eiusmodi
2225 3997 2426 4048 nosse
2473 3974 2910 4073 profuturum
2954 3975 3079 4064 sit,
3130 3975 3336 4049 simul
3377 3982 3587 4073 atque
3632 3975 3769 4074 ipsi
3811 3977 3987 4052 adeo
4026 3977 4439 4078 Theologiae

1419 4117 1698 4190 operam
1767 4117 1964 4166 suam
2029 4116 2275 4167 navare
2331 4094 2682 4191 inceperit.
2778 4094 2931 4168 Nec
3000 4093 3481 4169 Semiticarum
3540 4093 3989 4171 dialectorum
4038 4103 4165 4172 aut
4210 4096 4438 4171 Philo-

4503 3134 4523 3174 i

1421 4211 1738 4310 sophiae,
1801 4234 1980 4308 quae
2029 4211 2322 4299 dicitur,
2384 4213 2823 4288 Theoreticae
2866 4214 3153 4311 eiusque
3200 4213 3515 4312 inprimis
3554 4213 3770 4312 partis
3818 4215 4443 4316 Anthropologicae

1417 4330 1728 4407 studium
1775 4355 1816 4402 a
1871 4329 2226 4429 Theologo
2267 4331 2415 4405 sine
2465 4331 2659 4430 gravi
2700 4331 3077 4431 negligitur
3120 4332 3221 4407 rei
3270 4357 3437 4409 suae
3482 4332 3921 4409 detrimento.
4024 4335 4221 4415 Quin
4268 4333 4445 4408 1111111

1420 4450 1560 4524 fere
1627 4447 1938 4524 docendo
1998 4448 2294 4523 traditur
2341 4449 2420 4524 in
2470 4449 2885 4540 Academia,
2949 4450 3139 4549 quod
3190 4477 3329 4527 non
3382 4453 3475 4527 ad
3527 4450 3845 4527 futurum
3900 4454 4267 4530 Sacrorum
4319 4478 4440 4530 an·

1417 4569 1710 4643 tistitem
1765 4568 2240 4644 exornandum
2291 4569 2943 4668 informandumque
2984 4572 3420 4671 aliquatenus
3469 4570 3715 4647 saltem
3756 4572 4125 4650 conducat.
4227 4574 4444 4654 Quod

1418 4709 1556 4758 non
1605 4692 1878 4760 tantum
1939 4686 2026 4760 de
2081 4684 2302 4762 variae
2359 4687 2647 4785 eiusque
2708 4686 3293 4766 fructuosissimae
3349 4689 3697 4766 doctrinae
3738 4694 3935 4792 copia
3952 4751 3973 4782 ,
4034 4717 4251 4791 quam
4308 4694 4444 4768 sibi

1391 4804 1520 4877 ·ita
1577 4804 1920 4900 acquirat,
1982 4830 2024 4880 a
2085 4829 2199 4880 me
2262 4806 2398 4882 dici
2456 4806 2717 4905 putetis
2731 4837 2761 4900 ,·
2802 4831 3226 4907 quamquam
3274 4817 3345 4886 et
3391 4811 3521 4888 hoc
3558 4834 3699 4887 non
3752 4811 3951 4890 nihili
3990 4811 4443 4912 pendendum
