4934 6184
1377 659 1464 724 28
2267 657 2334 726 S.
2401 655 3011 727 VISSERING
3076 649 3523 722 ORATIO.

1377 864 1704 939 latentur.
1775 863 1880 939 At
1926 887 2039 939 me
2082 861 2288 938 hodie
2336 865 2719 940 verecunde
2762 863 3144 940 admodum
3190 887 3275 938 ex
3322 859 3452 937 hoc
3489 863 3649 936 loco'
3686 861 3785 936 Te
3837 852 4097 959 alloqui
4142 884 4225 936 eo
4268 881 4411 938 ser·

1255 989 1265 994 ”
1377 1006 1584 1057 mone
1621 981 1698 1056 in
1742 1006 1882 1080 quo
1915 988 1999 1056 tu
2021 1005 2270 1081 regnas
2289 1039 2310 1070 ‚
2339 982 2499 1081 quis
2520 983 2934 1059 mirabitur?
2983 983 3183 1058 Salve
3198 1040 3219 1070 ,
3246 980 3373 1055 Vir
3401 980 3916 1080 spectatissime
3935 1038 3956 1069 ,
3985 980 4409 1056 Academiae

1381 1101 1634 1190 decus,
1685 1125 1896 1177 senex
1947 1100 2391 1177 venerabilis!
2469 1102 2611 1176 Sed
2654 1103 2756 1178 ita
2806 1127 3015 1178 senex
3035 1160 3058 1190 ,
3104 1101 3218 1177 cui
3266 1107 3584 1175 senectus
3638 1123 3778 1174 non
3831 1098 4041 1175 modo
4080 1099 4413 1199 languida

1382 1227 1592 1319 atque
1648 1219 1834 1296 iners
1895 1244 2038 1295 non
2095 1221 2187 1295 sit
2203 1278 2224 1309 ‚
2290 1245 2531 1296 verum
2590 1221 2802 1297 etiam
2856 1223 2948 1296 sit
3006 1245 3293 1321 operosa
3342 1226 3418 1294 et
3458 1243 3731 1318 semper
3774 1243 4001 1320 agens·
4036 1218 4303 1317 aliquid
4339 1225 4413 1294 et

1382 1339 1675 1414 moliens
1692 1397 1715 1427 ,
1781 1339 1918 1414 tale
1979 1339 2238 1414 scilicet
2299 1339 2505 1437 quale
2564 1337 2879 1414 studium
2932 1339 3167 1414 Tuum
3212 1338 3287 1412 in
3338 1335 3683 1434 superiore
3740 1336 3882 1411 vita
3928 1335 4087 1410 fuit.
4187 1335 4413 1412 Cuius

1387 1455 1702 1553 nondum
1741 1463 2024 1532 senatus
2071 1457 2248 1532 vires
2289 1456 2675 1546 desiderat,
2722 1481 2852 1532 nec
2894 1456 3221 1534 cathedra
3241 1513 3263 1545 ,
3318 1479 3547 1554 neque
3584 1455 3827 1545 amici,
3886 1478 4013 1530 nec
4050 1453 4371 1553 discipuli
4389 1513 4411 1545 ‚

1383 1599 1514 1650 nec
1549 1574 1880 1674 hospites.
1951 1577 2186 1654 Quem
2203 1632 2224 1663 ‚
2265 1574 2479 1649 etiam
2518 1574 2578 1648 si
2618 1582 2927 1652 extrema
2959 1576 3205 1652 aetatis
3241 1582 3554 1674 tempora
3588 1573 3679 1649 ab
3716 1573 3827 1648 his
3850 1573 4035 1684 curis
4062 1582 4135 1648 et
4163 1573 4411 1648 studiis

1385 1718 1628 1769 vacare
1666 1718 1835 1770 mox.
1875 1694 2316 1782 suadebunt,
2378 1693 2454 1767 id
2500 1694 2767 1770 modice
2811 1703 2883 1771 et
2932 1696 3277 1795 sapienter
3292 1751 3313 1784 ‚
3368 1694 3548 1769 sieut
3590 1694 3825 1768 omnia
3842 1752 3864 1783 ,
3912 1693 4221 1768 laturum
4263 1717 4411 1769 esse

1389 1813 1648 1888 scimus
1665 1870 1687 1900 ,
1713 1812 2279 1912 quandoquidem
2299 1817 2412 1905 (ut
2434 1837 2597 1888 cum
2613 1813 2990 1890 C1cnaomr
3000 1815 3155 1889 Tuo
3176 1814 3419 1912 loquar
3428 1814 3591 1906 8³³))‚
3618 1812 4017 1910 naptissima
4038 1818 4204 1886 sunt
4226 1835 4413 1886 arma

1385 1933 1760 2010 senectutis
1801 1941 1985 2009 artes
2027 1933 3087 2032 exercitationesquefxdxtutum3
3115 1959 3294 2033 quae
3321 1934 3395 2007 in
3418 1933 3611 2007 omni
3638 1938 3865 2007 aetate
3894 1931 4121 2006 cultae
4141 1988 4164 2020 ,
4193 1955 4412 2029 quum

1389 2055 1514 2130 diu
1560 2053 2002 2153 multumque
2047 2054 2296 2130 vixeris
2341 2053 2665 2128 mirificos
2708 2052 3006 2128 efferunt
3046 2053 3315 2130 fructus
3333 2111 3355 2142 ,
3402 2077 3544 2128 non
3586 2051 3813 2126 solum
3852 2052 4019 2150 quia
4056 2070 4413 2150 nunquam

1391 2173 1762 2260 deserunt,
1803 2198 1894 2248 ne
1939 2181 2246 2248 extremo
2285 2171 2569 2272 quidem
2605 2180 2913 2272 tempore
2952 2173 3197 2250 aetatis
3216 2232 3235 2262 ,
3278 2195 3520 2248 verum
3560 2171 3771 2246 etiam
3802 2170 3967 2270 quia
3984 2159 4415 2246 conscientia

1387 2291 1568 2367 bene
1603 2297 1796 2368 actae
1839 2290 2019 2367 vitae
2055 2293 2579 2390 multorumque
2619 2292 2799 2368 bene
2834 2293 3174 2369 factorum
3206 2290 3585 2368 recordatio
3624 2288 4123 2366 iucundissima
4162 2291 4343 2372 est.”.

1485 2529 1642 2603 Iam
1664 2529 1841 2604 nihil
1865 2539 2218 2629 superest,
2257 2533 2394 2606 nisi
2423 2539 2507 2607 ut
2531 2534 2631 2609 Te
2647 2591 2669 2623 ‚
2714 2532 2895 2610 Clar.
2925 2535 3305 2610 Ionmnns
3332 2533 3677 2610 Hmmrcr.
3708 2533 4127 2619 Senonum,
4166 2529 4419 2603 iterum

1387 2645 1757 2723 Rectorem
1799 2647 2262 2748 Magnificum
2303 2652 2742 2747 proclamem.
2827 2652 3029 2728 Salve
3048 2712 3070 2744 ‚
3116 2654 3245 2729 Vir
3294 2654 3671 2753 Magnifice
3694 2711 3713 2741 ,
3762 2653 4151 2748 iterumque
4190 2649 4413 2723 salve!

1388 2765 1550 2842 Tibi
1617 2768 2025 2843 commendo
2086 2768 2264 2842 hanc
2320 2775 2629 2842 nostram
2687 2769 3111 2844 carissimam
3156 2773 3609 2848 Academiam
3631 2830 3653 2860 ‚
3714 2795 3966 2869 eosque
4011 2767 4419 2844 lectissimos

1385 2885 1705 2973 iuvenes,
1784 2885 2206 2962 Academiae
2277 2886 2481 2962 cives.
2606 2886 2740 2962 Per
2805 2885 2931 2962 hos
3004 2888 3150 2962 leve
3214 2897 3287 2963 et
3353 2885 3737 2969 iucundum
3792 2888 4107 2966 Rectoris
4162 2909 4415 2964 munus

1383 3003 1561 3078 mihi
1599 3003 1815 3078 fuisse
1865 3011 2115 3092 testor,
2163 3003 2325 3078 Tibi
2363 3005 2509 3078 fore
2549 3029 2872 3104 auguror.
2950 3009 3215 3082 Eorum
3254 3009 3486 3084 studia
3530 3016 3603 3084 et
3637 3033 3865 3083 mores
3904 3007 4153 3083 lubens
4186 3006 4415 3106 palam

1224 3177 1233 3181 -
1369 3121 1597 3197 laudo
1615 3179 1637 3210 ,
1685 3146 1826 3197 non
1873 3122 2040 3220 quia
2079 3121 2290 3196 moris
2338 3129 2483 3211 est,
2536 3122 2658 3198 sed
2703 3150 2790 3199 ex
2836 3125 3053 3200 animi
3096 3127 3236 3202 mei
3278 3127 3641 3203 sententia.
3742 3126 3892 3226 Ipsi
3931 3131 4165 3201 autem
4208 3123 4419 3196 huius

1386 3239 1787 3340 diligentiae
1857 3250 1928 3316 et
1987 3242 2368 3316 honestatis
2435 3267 2601 3319 cum
2676 3243 2811 3320 alia
2879 3245 3059 3321 bene
3120 3247 3342 3323 multa
3401 3246 3745 3322 dederunt
3796 3243 4171 3345 specimina
4184 3299 4205 3330 ,
4263 3249 4419 3316 tum

1385 3360 1690 3436 maxime
1755 3361 1922 3449 hoc,
1986 3386 2148 3435 cum
2217 3363 2875 3462 quinquagesimum
2936 3371 3211 3440 sextum
3271 3366 3690 3443 Academiae
3750 3364 4068 3440 conditae
4124 3363 4419 3436 lustrum

1389 3477 1674 3578 opipara
1733 3484 1806 3554 et
1863 3479 2224 3580 splendida
2237 3539 2258 3569 ,
2325 3482 2497 3580 quin
2543 3482 2716 3570 adeo
2766 3482 2968 3559 docta
3014 3509 3271 3586 pompa
3316 3486 3833 3562 celebraverunt
3846 3543 3867 3573 ,
3916 3479 4417 3558 admirantibus

1387 3597 1580 3672 mille
1588 3597 1700 3672 nis
1728 3599 2342 3698 conspicientibus,
2375 3602 2643 3678 civibus
2658 3661 2679 3692 ,
2709 3603 3100 3702 hospitibus
3118 3663 3139 3694 ,
3157 3605 3606 3706 popularibus
3626 3665 3647 3695 ,
3672 3601 4049 3706 peregrinis
4058 3603 4187 3695 88).
4205 3597 4417 3676 Haud

1391 3716 1600 3816 pauci
1655 3741 1966 3793 summos
2027 3719 2101 3793 in
2156 3744 2283 3795 sua
2326 3721 2624 3820 quisque
2666 3722 3030 3823 disciplina
3074 3727 3424 3800 consecuti
3468 3727 3749 3801 meritos
3791 3725 4085 3799 honores
4136 3746 4181 3796 a
4220 3718 4413 3796 nobis

1394 3835 1754 3925 abierunt,
1819 3837 2168 3914 doctrinae
2229 3863 2394 3914 suae
2453 3841 2720 3940 copiam
2778 3843 2853 3916 in
2914 3843 3093 3919 vitae
3148 3845 3538 3920 communis
3588 3870 3796 3921 usum
3845 3848 4235 3919 convertere
4279 3837 4415 3913 iam

1393 3955 1653 4052 parati;
1703 3955 1938 4054 plures
1979 3958 2193 4034 etiam
2239 3983 2495 4035 nomen
2534 3961 2823 4060 professi
2866 3971 3067 4051 sunt,
3118 3963 3242 4062 qui
3284 3965 3358 4039 in
3399 3965 3529 4041 hac
3569 3967 3937 4041 Musarum
3964 3961 4126 4038 sede
4152 3959 4416 4038 discant

2161 4103 2385 4164 Cartare
2423 4103 2651 4181 ingenio
2664 4150 2682 4177 ,
2724 4103 3055 4166 contendere
3090 4105 3381 4168 nobilitate
3394 4151 3412 4180 ,

2157 4205 2368 4266 Noctes
2406 4211 2573 4286 atque
2610 4205 2727 4266 dies
2766 4206 2872 4267 niti
2911 4213 3225 4286 praestante
3257 4209 3447 4270 labore
3461 4255 3478 4284 ,

2155 4305 2248 4366 Ad
2291 4325 2531 4368 summas
2568 4325 2848 4384 emergere
2884 4327 3017 4389 opes
3032 4353 3049 4381 ‚
3090 4330 3379 4393 rerumque
3416 4312 3584 4394 potiri
3620 4311 3722 4388 ⁸⁵).

1489 4437 1716 4513 Trade
1739 4439 1898 4514 Tibi
1917 4441 2364 4518 Academiam
2407 4440 2753 4542 vigentem
2786 4451 2858 4518 et
2888 4445 3263 4524 florentem.
3316 4451 3415 4526 Te
3436 4449 3728 4527 Rectore
3750 4446 4128 4548 Magnifice
4148 4441 4375 4541 vigeat
4393 4498 4414 4532 ι

1389 4557 1632 4634 floreat
1654 4618 1674 4648 ,
1724 4569 1986 4637 crescat
2035 4562 2246 4639 etiam
2293 4561 2673 4640 Academia
2715 4562 3379 4663 Lugduno-Batava.

2778 4821 3030 4890 DIXI.
