4934 6184
1377 657 1506 722 128
2461 653 2514 720 1.
2586 651 2660 720 A.
2729 653 2798 720 C.
2868 652 3306 723 ROVERS

1371 865 1864 962 opprimeretur
1919 863 2298 936 auctoritas
2359 863 2445 954 ¹).
2547 862 2701 937 Iam
2722 919 2743 952 ‚
2802 861 3001 960 quod
3046 861 3124 937 hi
3172 861 3423 936 timent
3468 866 3543 936 et
3580 861 3877 937 affirmat
3918 861 4035 938 ille
4054 920 4075 952 ,
4122 862 4201 938 id
4244 889 4411 964 ego,

1369 981 1866 1080 Historiologia
1925 979 2102 1056 duce
2117 1038 2138 1069 ‚
2205 981 2305 1056 sic
2366 979 2779 1081 interpretor
2797 1039 2817 1072 ‚
2888 989 2971 1056 ut
3032 990 3343 1080 tempora
3402 980 3578 1056 mihi
3642 988 3788 1058 tam
3852 984 4415 1060 commutationis

1367 1103 1510 1178 sive
1559 1100 1794 1202 potius
1839 1100 2431 1202 παλιγγενεσίας
2484 1101 2799 1202 indigere
2856 1125 3068 1200 quam
3118 1101 3211 1176 ad
3258 1099 3557 1176 eandem
3610 1109 3775 1203 apta
3824 1127 3975 1178 esse
4026 1103 4411 1180 videantur.

1365 1223 1496 1298 Est
1550 1227 1786 1298 autem
1841 1221 2008 1297 haec
2055 1221 2450 1322 progressio
2494 1245 2633 1297 non
2683 1227 2961 1296 tantum
2996 1221 3207 1296 valde
3250 1219 3700 1320 imperfecta,
3762 1221 3888 1296 sed
3932 1221 4145 1298 etiam
4192 1223 4412 1312 lenta,

1365 1350 1438 1416 et
1497 1342 1646 1417 viae
1705 1340 2148 1416 brevissimae
2197 1366 2400 1442 saepe
2449 1341 2824 1418 amfractus
2866 1341 3181 1440 praefert.
3286 1341 3469 1414 Inde
3518 1339 3852 1440 suspicari
3896 1341 4057 1417 licet
4073 1400 4096 1431 ‚
4146 1342 4371 1441 legem
4392 1399 4411 1430 ,

1366 1485 1544 1560 quae
1582 1460 1914 1536 divinitus
1957 1461 2223 1536 homini
2274 1459 2529 1560 scripta
2567 1468 2674 1535 est
2691 1518 2712 1549 ‚
2760 1458 2835 1534 in
2874 1483 3127 1560 genere
3172 1447 3479 1534 humatio
3530 1477 3809 1558 quoque
3858 1458 3998 1533 vim
4036 1458 4311 1535 habere.

1461 1579 1960 1655 Verumtamen
1982 1638 2003 1669 ,
2053 1603 2143 1652 ne
2192 1578 2368 1678 quid
2420 1586 2681 1654 temere
2737 1579 3167 1679 suspicemur
3229 1585 3301 1652 et
3362 1602 3449 1652 ex
3500 1577 3933 1678 temporibus
3988 1579 4411 1678 quibusdam

1359 1699 1538 1774 illud
1595 1698 1972 1774 efficiamus
1992 1757 2012 1787 ,
2076 1699 2276 1774 cuius
2357 1705 2671 1798 tempora
2738 1699 3055 1774 universa
3118 1705 3332 1774 testes
3397 1722 3550 1774 esse
3616 1705 3887 1800 oportet
3903 1757 3926 1789 ,
3988 1698 4411 1774 advertimus

1361 1820 1549 1896 illuc.
1650 1820 1930 1894 Corruit
1969 1818 2346 1919 imperium
2399 1818 2834 1907 Romanum,
2882 1842 3023 1893 non
3072 1843 3231 1894 vero
3278 1825 3531 1894 cuncta
3578 1819 3967 1908 intereunt,
4009 1843 4197 1918 quae
4238 1819 4412 1894 illud

1363 1949 1488 2016 aut
1551 1939 1830 2016 aliunde
1893 1939 2128 2014 hausit
2194 1946 2318 2014 aut
2376 1937 2611 2038 ipsum
2662 1938 2917 2014 attulit.
3018 1937 3265 2014 Varias
3314 1939 3463 2016 eius
3512 1947 3743 2040 partes
3782 1945 4126 2040 occupant
4169 1947 4412 2040 gentes

1363 2061 1698 2136 barbarae
1757 2084 2020 2160 eaeque
2085 2059 2328 2159 priscis
2389 2058 2635 2134 incolis
2690 2057 3178 2134 admiscentur.
3295 2057 3709 2136 Diutissime
3764 2059 3999 2135 omnia
4048 2059 4413 2136 turbarum

1366 2179 1592 2278 plena.
1697 2179 1835 2254 Sed
1903 2185 2147 2278 gentes
2213 2179 2371 2253 illae
2439 2177 2651 2252 fortes
2720 2185 2887 2252 sunt
2952 2185 3024 2252 et
3085 2178 3523 2279 incorruptae
3580 2187 3791 2280 atque
3854 2179 4167 2280 integrae
4214 2188 4287 2254 et
4334 2204 4414 2254 ea

1373 2297 1722 2374 sentiendi
1764 2298 2254 2399 cogitandique
2287 2298 2553 2373 ratione
2574 2357 2594 2387 ,
2630 2321 2809 2396 quae
2826 2355 2847 2386 ‚
2888 2298 3233 2397 quidquid
3278 2299 3429 2398 ipsa
3470 2325 3555 2374 ex
3597 2298 4011 2398 antiquitate
4048 2298 4374 2399 suscipiet
4392 2357 4413 2386 ‚

1369 2420 1858 2519 antiquitatem
1897 2427 2131 2495 tamen
2171 2443 2314 2495 non
2351 2417 2785 2494 instaurabit.
2880 2417 3227 2492 Videntur
3264 2418 3547 2495 meliora
3583 2419 3956 2519 aliquando
3986 2418 4414 2520 expetiturae

1367 2565 1553 2629 esse,
1623 2563 2050 2638 quamquam
2117 2540 2424 2638 primum
2497 2563 2649 2614 rara
2717 2537 2927 2612 huius
2973 2537 3075 2612 rei
3126 2537 3381 2614 indicia
3432 2548 3801 2638 apparent,
3862 2539 3939 2614 in
3982 2539 4241 2640 quibus
4286 2563 4413 2614 nec

1367 2659 1702 2735 libertatis
1743 2682 2047 2733 amorem
2091 2683 2219 2734 nec
2265 2659 2479 2734 fidem
2517 2683 2745 2758 neque
2780 2658 3361 2734 existimationem
3398 2659 3813 2736 feminarum
3838 2659 4041 2738 nobis
4065 2659 4415 2760 negligere

1363 2779 1544 2854 lieet.
1648 2777 2084 2878 Religionem
2153 2779 2625 2854 Christianam
2674 2779 3033 2880 amplexae
3052 2838 3074 2868 ,
3140 2779 3403 2856 habent
3464 2780 3655 2856 unde
3712 2789 3983 2856 mature
4032 2779 4414 2881 proficiant.

1363 2901 1802 3000 Argumento
1861 2909 1970 2974 est
2025 2899 2354 2990 servitus,
2419 2899 2789 2976 durissima
2848 2899 3015 2974 olim
3075 2901 3425 2975 Gamfflo
3480 2900 3712 2976 iudice
3758 2904 3823 2994 8)
3886 2900 4079 3000 apud
4128 2903 4413 2976 Germa-

1363 3044 1490 3094 nos
1509 3079 1534 3108 ,
1591 3027 1974 3120 temperata
2026 3028 2260 3096 autem
2328 3021 2815 3095 institutorum
2870 3020 3349 3096 Romanorum
3401 3019 3648 3096 notitia
3708 3030 3781 3096 et
3845 3045 4003 3097 vero
4065 3021 4413 3122 religionis

1365 3139 1798 3215 Christianae
1849 3141 2292 3229 auctoritate,
2330 3139 2520 3214 unde
2554 3139 2695 3214 iam
2737 3138 2813 3212 in
2858 3137 3355 3238 Wisigothioo,
3394 3139 3441 3214 i.
3490 3164 3548 3214 e.
3608 3139 4091 3240 antiquissimo
4108 3200 4129 3230 ,
4179 3142 4413 3240 legum

1361 3259 1598 3334 codice
1627 3259 1926 3335 dominis
1963 3267 2268 3358 potestas
2307 3259 2681 3335 mutilandi
2726 3282 2953 3333 servos
2992 3258 3101 3334 his
3136 3259 3470 3335 adimitur
3508 3259 3734 3336 verbis
3752 3319 3773 3350 ‚
3818 3287 3905 3337 ne
3938 3264 4256 3363 imaytfnis
4274 3263 4413 3337 Dei

1346 3379 1872 3478 plasmationem
1907 3381 2300 3454 adulterent
2337 3381 2428 3472 ⁸).
2504 3378 2709 3478 Ipsae
2750 3402 2891 3453 una
2931 3403 3095 3455 cum
3134 3378 3379 3480 priscis
3422 3380 3665 3456 incolis
3710 3381 3969 3458 sensim
4004 3381 4413 3482 copulantur

1367 3496 1786 3573 hierarchiae
1839 3499 2112 3574 vinculo
2134 3557 2154 3590 ‚
2195 3497 2565 3574 utilissimo
2606 3497 2891 3597 quidem
2939 3498 3059 3574 illa
3111 3506 3337 3574 aetate
3378 3500 3471 3575 ad
3513 3525 3729 3600 regna
3766 3501 4107 3578 firmanda
4124 3560 4145 3590 ,
4202 3510 4276 3577 et
4322 3502 4413 3577 ad

1364 3619 1704 3718 regendos
1757 3618 2025 3694 animos
2069 3627 2220 3695 tum
2270 3619 2470 3695 unice
2520 3618 2796 3695 efficaci.
2898 3619 3267 3719 Quidquid
3310 3619 3559 3696 virium
3607 3629 3820 3722 atque
3856 3646 4225 3697 nervorum
4264 3629 4375 3696 eet
4389 3679 4410 3710 ,

1365 3737 1714 3814 confertur
1763 3739 1836 3814 in
1903 3763 2016 3816 res
2079 3739 2360 3816 bellicas
2379 3799 2400 3830 ,
2474 3739 2597 3815 sed
2658 3739 2837 3816 bella
2856 3797 2879 3830 ‚
2941 3740 3247 3816 maximo
3299 3739 3569 3841 impetu
3637 3767 4054 3842 summaque
4102 3765 4409 3843 perseve-

1363 3859 1590 3936 rantia
1640 3867 1838 3960 gesta
1855 3917 1880 3950 ,
1943 3866 2111 3934 sunt
2143 3885 2380 3960 neaera.
2486 3861 2777 3936 Sacrum
2844 3884 2983 3935 non
3037 3860 3271 3936 minus
3320 3886 3531 3960 quam
3576 3863 3871 3938 militare
3918 3872 4027 3938 est
4066 3862 4411 3938 Ordinum

1365 3965 1814 4077 Equestrium
1837 4037 1856 4068 ,
1913 3981 2036 4080 qui
2078 4005 2164 4055 ex
2210 3980 2319 4055 his
2371 3981 2728 4071 oriuntur,
2768 3979 3159 4056 consilium.
3262 3981 3470 4056 Sacra
3510 3983 3926 4082 populorum
3966 3991 4157 4058 aetas
4194 4005 4411 4080 aeque

1370 4107 1581 4196 atque
1639 4098 1954 4174 heroicus
2005 4100 2394 4176 animorum
2451 4099 2678 4175 fervor
2728 4099 2913 4200 parit
2959 4123 3107 4174 rem
3158 4099 3571 4198 Equestrem
3588 4159 3609 4189 ,
3671 4108 4041 4200 poetarum
4094 4097 4413 4176 carmini-

1367 4217 1504 4294 bus
1541 4217 1956 4294 celebratam
1997 4219 2386 4319 iisdemque
2427 4219 2627 4295 bellis
2656 4244 3073 4319 magnopere
3110 4219 3455 4296 excultam
3490 4229 3563 4294 et
3594 4220 4105 4320 amplificatam.
4172 4219 4415 4294 Huius

1365 4345 1602 4415 autem
1669 4362 2023 4414 summum
2091 4339 2521 4440 propositum
2582 4345 2723 4430 est,
2783 4347 2863 4414 ut
2912 4339 3178 4416 iustitia
3232 4339 3619 4417 vindicetur
3635 4398 3656 4431 ,
3716 4348 4246 4441 propuguentur
4292 4338 4413 4413 de-

1451 4663 1504 4735 ¹)
1544 4659 1853 4724 Annonms
1893 4663 2016 4724 adv.
2062 4663 2225 4726 Geni.
2263 4663 2376 4726 ΠΙ.
2423 4663 2479 4726 7.

1453 4757 1506 4831 ²)
1547 4761 1820 4820 Deatechc
1859 4761 2296 4821 Recbtealtertb.
2335 4761 2368 4820 Ι
2385 4802 2403 4831 ,
2447 4762 2585 4820 302.

1458 4851 1508 4926 ³)
1553 4855 1667 4912 Lex
1713 4853 2012 4932 W'uiqolh.
2061 4857 2182 4929 VI,
2227 4861 2315 4928 5,·
2341 4859 2440 4916 13.
