4934 6184
1736 707 2294 779 oaAr1o
2426 789 2437 797 ,
3417 714 3504 781 w

469 930 858 1021 temporum
883 979 903 1010 ‚
954 920 1191 1019 legum
1255 910 1562 995 codicem
1625 944 1775 996 esse
1836 920 2279 996 condendum
2298 978 2319 1009 ,
2370 918 2494 1019 qui
2559 916 2774 993 totius
2826 917 2998 993 iuris
3018 976 3039 1007 ,
3088 917 3340 1007 civilia,
3391 920 3500 995 in·

470 1067 681 1141 quam
706 1100 726 1131 ,
798 1038 1186 1117 mercatorii
1204 1098 1225 1128 ,
1296 1039 1603 1140 poenalis
1668 1040 2015 1116 ambitum
2094 1039 2664 1143 complecteretur
2729 1045 2802 1112 et
2879 1038 3062 1115 intra
3139 1040 3502 1116 biennium

469 1172 653 1237 esset
711 1161 1299 1261 promulgandas,
1351 1161 1475 1235 sed
1540 1184 1696 1245 non,
1748 1161 1849 1235 ita
1911 1160 2109 1236 facile
2167 1159 2331 1235 huic
2395 1168 2556 1234 voto
2613 1158 3014 1235 satisfiebat.
3130 1160 3238 1235 Ex
3297 1159 3500 1235 variis

468 1290 703 1357 autem
752 1282 1013 1381 patriae
1057 1279 1459 1379 regionibus
1498 1281 1850 1355 convocati
1900 1281 2183 1355 fuerunt
2199 1339 2221 1370 ,
2286 1280 2411 1379 qui
2458 1280 2548 1353 de
2593 1278 2973 1355 condendis
3015 1280 3288 1379 legibus
3337 1306 3498 1382 age-

470 1411 624 1478 rent
664 1400 1172 1489 iurisconsulti3
1223 1400 1396 1499 quid
1436 1400 1692 1475 mirum
1712 1458 1733 1489 ,
1788 1400 1849 1475 si
1885 1400 2179 1499 quisque
2226 1424 2391 1475 suae
2426 1399 2823 1500 provinciae
2871 1400 3025 1475 iura
3057 1400 3498 1499 potissimum

463 1523 539 1597 in
608 1522 914 1599 codicem
974 1519 1366 1620 recipienda
1435 1528 1743 1597 censeret
1759 1522 1795 1595 Ρ
1890 1522 2173 1595 Novum
2236 1519 2518 1618 aliquod
2564 1518 2734 1594 iuris
2791 1526 3093 1618 systema
3145 1546 3186 1596 e
3247 1519 3498 1595 discre-

462 1641 795 1741 pantibus
834 1641 1431 1739 dissimilibusque
1470 1640 1743 1740 placitis
1788 1646 1935 1715 erat
1980 1636 2574 1739 componendum3
2639 1632 2813 1737 quid
2855 1638 3112 1715 mirum
3138 1697 3159 1728 ,
3221 1640 3282 1715 si
3331 1638 3501 1714 iuris

465 1761 849 1837 doctrinam
866 1818 887 1849 ,
958 1786 1187 1836 veram
1250 1762 1441 1835 illam
1508 1785 1639 1833 non
1688 1762 2007 1857 fucatam
2044 1760 2546 1858 philosophiam
2561 1816 2582 1848 ‚
2631 1758 2972 1835 arbitrum
3025 1760 3502 1836 adhibendum

463 1878 855 1954 censuerint
897 1876 998 1951 illi
1010 1935 1034 1983 ,
1084 1877 1207 1977 qui
1245 1900 1385 1952 non
1422 1876 1797 1953 imitandos
1840 1876 2041 1952 unice
2078 1902 2227 1953 esse
2270 1878 2810 1953 Franco-Gallos
2830 1937 2850 1967 ,
2901 1880 3026 1955 sed
3070 1879 3500 1981 probabilem

463 2000 690 2099 legem
708 2057 728 2088 ‚
770 1996 1180 2073 nostratium
1220 1997 1533 2073 moribus
1566 1998 2153 2074 accommodatam
2173 2056 2194 2087 ,
2234 1997 2671 2073 scribendam
2701 1996 3202 2075 arbitrarentur
3217 2002 3253 2075 Ρ
3303 2000 3500 2079 Quid

461 2118 684 2193 multa
700 2118 736 2191 Ρ
830 2117 1168 2196 Quaestio
1233 2123 1471 2191 utrum
1520 2144 1657 2193 una
1700 2142 1789 2193 an
1835 2120 2209 2211 foederata
2253 2116 2480 2218 magis
2525 2118 2826 2217 placeret
2885 2118 3274 2217 respublica
3291 2178 3313 2206 ,
3379 2146 3499 2195 an-

462 2238 655 2338 cipiti
698 2243 953 2312 eventu
1001 2236 1261 2337 agitata
1280 2295 1300 2327 ,
1355 2260 1689 2313 novarum
1732 2239 1969 2338 legum
2012 2261 2261 2337 parum
2306 2236 2642 2336 populare
2686 2237 2999 2312 studium
3019 2295 3040 2326 ,
3093 2237 3166 2312 N
3169 2262 3502 2315 nomon

468 2358 816 2458 legislator
858 2382 999 2433 non
1042 2358 1373 2433 Franciae
1414 2365 1693 2434 tantum
1750 2356 1873 2432 sed
1917 2357 2190 2457 generis
2239 2356 2530 2431 humani
2580 2356 2722 2432 fere
2771 2357 3114 2433 salutatus
3132 2416 3153 2447 ,
3203 2359 3506 2458 denique

464 2479 890 2555 Lunovmus
911 2535 931 2566 ,
974 2478 1123 2554 eius
1164 2478 1375 2552 frater
1391 2536 1413 2567 ,
1466 2477 1557 2552 ad
1598 2477 1869 2577 regium
1912 2476 2283 2577 imperium
2328 2476 2624 2575 turpiter
2675 2484 2955 2553 evectus
2976 2536 2997 2567 ,
3052 2477 3220 2553 haec
3271 2478 3505 2555 omnia

466 2599 841 2698 quominus
886 2596 1169 2697 perferri
1216 2605 1287 2674 et
1330 2598 1594 2673 absolvi
1638 2604 1923 2697 possent
1968 2596 2097 2672 hae
2150 2597 2338 2695 leges
2353 2654 2374 2685 ,
2421 2593 2623 2671 facile
2667 2597 3192 2696 prohibuerunt.
3293 2603 3314 2619 ⁶

556 2719 749 2793 Nota
793 2725 959 2793 sunt
1005 2742 1184 2815 quae
1224 2742 1387 2792 mox
1426 2717 1741 2792 insecuta
1778 2725 1961 2793 sunt.
2062 2715 2307 2791 Novus
2344 2740 2463 2791 rex
2485 2774 2506 2805 ,
2555 2758 2654 2773 —-
2694 2724 2778 2791 ut
2815 2717 2888 2791 in
2933 2717 3250 2793 civilibus
3294 2720 3504 2795 rebus

468 2837 843 2913 subsistam
862 2896 883 2927 ,
952 2878 1055 2896 —
1122 2835 1357 2911 codice
1418 2836 1917 2937 Napoleontico
1985 2844 2321 2935 tanquam
2402 2835 2720 2935 exemplo
2779 2836 3121 2912 utendum
3195 2840 3504 2927 censuit;

462 2957 793 3058 praeclari
850 2980 1009 3031 vero
1030 3014 1051 3045 ,
1114 2980 1413 3056 quorum
1465 2980 1673 3057 opera
1730 2980 1903 3031 usus
1962 2962 2069 3031 est
2087 3013 2108 3044 ,
2170 2954 2678 3046 iurisconsulti,
2726 2980 2854 3056 pro
2904 2956 3216 3033 moribus
3262 2957 3506 3058 patriis

460 3076 767 3152 codicem
837 3075 1037 3151 illum
1104 3074 1553 3150 emendantes
1622 3082 1693 3149 et
1764 3072 2167 3174 supplentes
2184 3130 2205 3162 ‚
2276 3072 2504 3174 legem
2555 3074 2728 3151 iuris
2776 3067 2996 3152 civilis
3044 3077 3506 3154 condiderunt

462 3196 605 3271 suis
676 3194 1006 3271 laudibus
1075 3218 1215 3269 non
1292 3193 1877 3283 defraudandam3
1968 3193 2092 3269 sed
2167 3218 2329 3269 mox
2398 3194 2584 3271 intra
2649 3195 3006 3271 biennium
3093 3197 3166 3272 N
3167 3221 3506 3275 nomon

461 3316 775 3417 regiones
826 3321 1097 3415 nostras
1140 3338 1307 3389 suae
1348 3314 1595 3389 ditioni
1638 3313 1889 3389 adiecit
1906 3372 1927 3403 ,
1976 3313 2305 3414 ipsosque
2348 3314 2619 3391 codices
2661 3316 3028 3392 Francicos
3044 3376 3065 3407 ,
3114 3342 3276 3393 cum
3331 3318 3502 3419 legi-

461 3436 597 3511 bus
667 3442 739 3511 et
813 3434 1429 3512 senatusconsultis
1494 3446 1567 3509 et
1650 3433 1941 3509 decretis
2023 3431 2203 3508 bene
2285 3433 2526 3509 multis
2544 3492 2565 3523 ,
2629 3436 2892 3535 patriae
2908 3495 2929 3526 ,
2995 3444 3078 3512 ut
3145 3462 3272 3538 pro
3349 3438 3504 3539 lege

465 3558 763 3633 valerent
781 3615 802 3647 ‚
870 3556 1238 3655 imposuit,
1312 3580 1451 3655 quo
1510 3555 1771 3631 factum
1797 3613 1817 3644 ‚
1890 3560 1975 3629 ut
2036 3552 2406 3653 pristinum
2484 3577 2642 3629 vere
2709 3554 3016 3654 patrium
3057 3556 3168 3631 ius
3223 3560 3530 3632 tantum

462 3700 599 3753 non
649 3702 855 3752 omne
901 3676 1245 3751 interiret!
2462 3747 2496 3757 d

562 3796 701 3871 Sed
719 3855 741 3886 ,
811 3820 967 3871 ecce
987 3855 1007 3886 ‚
1073 3796 1257 3870 intra
1324 3794 1701 3871 triennium
1772 3820 1950 3871 nova
2021 3820 2253 3870 rerum
2320 3794 2711 3870 conversio!
2808 3797 2896 3870 In
2969 3796 3357 3871 libertatem
3423 3822 3498 3889 se

464 3916 763 3991 vindicat
810 3916 1071 4016 patria3
1120 3915 1351 4015 Belgii
1403 3914 1732 3991 foederati
1773 3914 2093 4016 princeps
2140 3915 2480 3990 salutatur
2527 3917 2996 3991 Grumum-us
3037 3916 3458 3992 Arausiacus
3477 3976 3498 4006 ,

464 4058 626 4109 mox
691 4034 1030 4135 dignitate
1094 4036 1285 4136 regia
1354 4035 1725 4111 ornandus.
1828 4035 2192 4111 Scribendi
2236 4035 2491 4111 codicis
2545 4060 2723 4111 nova
2765 4034 3074 4111 exoritur
3119 4043 3192 4111 et
3247 4060 3497 4136 oppor-

469 4155 730 4229 tunitas
774 4158 1262 4232 etnecessitas
1310 4156 1503 4233 adeo.
1608 4155 1745 4230 Sed
1788 4163 2133 4255 quantum
2176 4156 2247 4229 in
2298 4157 2588 4231 modum
2634 4156 2772 4231 iam
2819 4166 3062 4233 auctae
3112 4165 3278 4232 sunt
3317 4158 3500 4232 diffi-

465 4276 795 4350 cultates!
870 4276 1023 4351 Iam
1087 4301 1224 4352 non
1292 4278 1597 4376 agitatur
1664 4276 1866 4353 unice
1932 4276 2281 4376 quaestio:
2346 4275 2964 4375 praeferendumne
3015 4275 3127 4352 ius
3172 4278 3280 4351 vel
3324 4277 3499 4351 Hol-

464 4395 815 4471 landicum
837 4454 856 4484 ‚
906 4397 1015 4470 v'el
1050 4396 1387 4471 Frisicum
1410 4456 1431 4486 ,
1482 4398 1591 4471 vel
1620 4397 2009 4485 Gelricum;
2064 4396 2187 4471 sed
2236 4396 2502 4472 accedit
2539 4422 2718 4473 nova
2759 4397 3114 4495 quaestio:
3168 4396 3497 4495 placeret·

465 4541 553 4590 ne
615 4514 937 4613 componi
988 4514 1177 4614 leges
1231 4517 1539 4615 proprias
1561 4575 1582 4607 ‚
1631 4542 1718 4593 an
1774 4516 2070 4592 describi
2114 4518 2304 4617 leges
2347 4516 2966 4593 Franco-Gallicas.
3077 4514 3501 4590 Meministis

466 4646 889 4734 quantopere
958 4634 1367 4711 laboraverit
1430 4637 1502 4710 in
1570 4638 1699 4712 hoc
1768 4660 1996 4711 rerum
2073 4636 2465 4711 discrimine
2521 4636 2931 4711 Kaumana
2957 4692 2977 4722 ,
3048 4633 3500 4734 dignissimus

464 4756 578 4831 ille
646 4756 920 4832 Cnassl
992 4756 1375 4856 discipulus
1394 4814 1414 4845 ,
1482 4755 1605 4854 qui
1668 4755 1976 4830 eiusdem
2053 4780 2299 4831 causae
2354 4756 2429 4831 in
2485 4757 2710 4856 primo
2751 4755 3166 4855 legislatorio
3213 4758 3500 4834 concilio

466 4876 833 4976 primarius
901 4877 1127 4954 fuerat
1187 4886 1542 4981 patronus,
1645 4874 1783 4950 Vix
1845 4876 2251 4953 auctoritate
2300 4876 2494 4977 regia
2555 4876 2771 4953 fretus
2833 4876 3116 4976 collegis
3181 4886 3260 4953 ut
3309 4878 3501 4977 leges

2976 5002 3065 5073 12
