4934 6184
1289 711 1420 780 252
2239 711 2429 780 VAN
2492 708 2953 782 BONEVAL
3014 710 3343 778 FAURE

1382 921 1634 1021 Neque
1705 925 1938 994 tamen
1997 917 2070 992 in
2123 917 2348 1018 patria
2395 925 2633 994 nostra
2652 977 2673 1008 ,
2742 943 2969 1018 neque
3030 917 3243 994 etiam
3302 917 3378 990 in
3434 914 3763 992 Borussia
3806 915 3943 990 ista
3994 915 4333 1017 principia

1287 1039 1624 1141 expressis
1681 1038 1857 1138 legis
1912 1038 2182 1138 placitis
2227 1039 2492 1116 sancita
2535 1045 2723 1116 sunt.
2822 1040 2913 1114 In
2962 1037 3188 1114 Gallia
3232 1060 3392 1112 vero
3434 1059 3729 1136 magnae
3774 1059 4009 1110 rerum
4052 1059 4329 1113 conver·

1285 1160 1496 1235 sionis
1545 1167 1854 1260 tempore
1915 1183 2002 1233 ex
2045 1157 2180 1234 illis
2233 1159 2444 1234 etiam
2502 1158 2857 1260 principiis
2910 1183 3089 1258 quae
3136 1157 3231 1233 ad
3268 1163 3699 1258 postremum
3748 1163 4331 1254 consequerentur

1281 1278 1677 1354 tristissimo
1755 1279 2222 1376 experimento
2295 1276 2523 1353 edocti
2602 1285 2769 1352 sunt
2838 1275 3059 1352 cives:
3138 1275 3393 1352 clausis
3460 1275 3633 1350 iuris
3698 1275 3949 1350 scholis
3962 1333 3985 1366 ,
4059 1275 4328 1352 sublato

1281 1397 1522 1474 ordine
1580 1397 1979 1485 iudiciario,
2051 1397 2383 1473 omnibus
2427 1397 2697 1472 civibus
2714 1454 2737 1488 ,
2787 1395 2959 1472 iuris
3012 1395 3273 1472 scilicet
3324 1397 3535 1472 etiam
3582 1395 3833 1496 peritia
3886 1395 4290 1496 aequalibus
4308 1455 4329 1486 ,

1278 1519 1530 1594 iudicis
1581 1543 1869 1594 munere
1919 1517 2398 1618 fungentibus.

1379 1641 1480 1716 At
1523 1640 1658 1715 alia
1709 1663 1992 1740 prorsus
2041 1647 2274 1714 mente
2323 1638 2593 1714 codices
2634 1636 2709 1714 in
2750 1637 2978 1713 Gallia
3020 1635 3281 1713 conditi
3320 1644 3524 1727 sunt,
3574 1660 3791 1736 quum
3840 1635 3983 1711 veri
4032 1637 4331 1712 nominis

1281 1761 1776 1838 Iureconsultis
1795 1819 1816 1850 ,
1893 1759 2172 1860 auspice
2220 1760 2678 1834 NAPoLsoNn
2723 1757 2895 1833 iuris
2944 1758 3157 1833 etiam
3214 1757 3434 1834 civilis
3501 1757 3765 1832 turbati
3836 1757 4292 1832 instauratore
4311 1817 4331 1845 ,

1281 1881 1763 1958 difficillimum
1819 1881 1949 1956 hoc
2012 1904 2188 1980 opus
2251 1878 2428 1954 serio
2494 1877 2781 1952 demum
2846 1877 3135 1976 aggredi
3198 1903 3279 1952 ac
3340 1878 3667 1978 perficere
3720 1875 3935 1952 licuit.
4034 1877 4331 1978 Egregie

1279 2004 1410 2077 hoc
1464 2007 1655 2101 patet
1723 2025 1808 2076 ex
1877 1999 2184 2074 oratione
2242 2023 2384 2098 qua
2449 1996 2755 2095 primum
2816 1995 3071 2071 codicis
3122 1996 3605 2096 Napoleontici
3656 1997 4001 2096 specimen
4070 1999 4333 2098 corpori

1279 2121 1600 2221 legifero·
1631 2119 2209 2194 commendarunt
2263 2119 2637 2191 Por-'rans
2696 2113 2959 2212 quique
3008 2114 3417 2216 amplissimi
3472 2115 3599 2189 viri
3644 2115 3721 2190 in
3773 2116 3893 2192 illo
3943 2141 4147 2216 opere
4194 2117 4328 2193 ela-

1275 2240 1584 2316 borando
1631 2237 1797 2312 socii
1842 2238 2146 2312 fuerunt.

1375 2360 1627 2458 Itaque
1679 2383 1818 2433 non
1881 2364 2160 2440 tantum
2222 2355 2517 2454 professi
2578 2361 2746 2429 sunt
2792 2380 2999 2430 novas
3056 2355 3247 2454 leges
3290 2357 3525 2434 codice
3570 2357 3897 2434 constitui
3942 2382 4077 2432 non
4126 2381 4325 2458 posse

1277 2503 1508 2578 neque
1559 2485 1872 2578 oportere
1889 2535 1910 2566 ,
1971 2501 2210 2551 verum
2277 2475 2573 2551 totidem
2626 2473 2853 2550 verbis
2910 2475 3124 2550 etiam
3172 2477 3261 2552 de
3304 2478 3651 2554 industria
3695 2479 4075 2578 probarunt
4094 2537 4113 2568 ,
4156 2502 4327 2577 opus

1278 2599 1676 2674 absolutum
1739 2623 1821 2675 ac
1877 2596 2264 2697 perfectum
2324 2595 2619 2671 condere
2638 2653 2659 2684 ,
2718 2595 2909 2695 quod
2962 2595 3097 2671 sibi
3146 2596 3380 2698 ipsum
3430 2599 3731 2674 sufficiat
3749 2659 3768 2688 ,
3812 2623 4027 2698 penes
4066 2599 4331 2698 legisla-

1278 2727 1498 2794 torem
1559 2743 1699 2792 non
1759 2743 1932 2794 esse.
2035 2718 2432 2824 Memorant
2478 2739 2559 2788 ac
2626 2712 2835 2788 simul
2876 2713 3186 2790 refutant
3228 2740 3438 2815 quem
3478 2740 3657 2816 opus
3704 2715 4189 2816 aggredientes
4234 2717 4333 2792 of·
4384 2737 4395 2754 ·

1277 2819 1642 2914 fenderant
1709 2837 1846 2913 late
1917 2845 2274 2938 patentem
2339 2857 2637 2909 errorem
2657 2891 2678 2922 ,
2753 2833 3019 2932 optimo
3088 2834 3343 2935 cuique
3406 2836 3645 2936 legum
3703 2835 3925 2911 codici
3975 2835 4335 2914 condendo

1277 2961 1588 3036 sufficere
1655 2957 1992 3033 nonnulla
2053 2955 2563 3056 simplicissima
2612 2953 2865 3052 placita
2927 2978 3107 3053 quae
3170 2964 3403 3031 tamen
3464 2957 3676 3032 simul
3733 2955 4062 3033 omnibus
4112 2959 4333 3034 causis

1277 3081 1384 3154 vel
1425 3079 1704 3156 casibus
1745 3077 2236 3154 satisfacerent.
2339 3075 2491 3174 Ipsi
2536 3097 2695 3149 vero
2737 3073 2969 3173 potius
3014 3074 3268 3152 codicis
3295 3077 3509 3153 finem
3548 3077 3736 3153 hunc
3776 3101 3929 3153 esse
3978 3085 4331 3167 statuunt,

1275 3207 1358 3276 ut
1405 3199 1752 3300 generalia
1809 3197 2154 3272 eiusmodi
2203 3195 2601 3272 sanciantur
2664 3193 3001 3295 principia
3056 3194 3147 3270 ad
3206 3221 3385 3297 quae
3442 3197 3631 3300 exigi
3674 3198 3943 3297 possint
3990 3199 4330 3297 quaestio-

1275 3343 1401 3393 nes
1421 3377 1442 3406 ,
1513 3343 1692 3417 quae
1769 3317 2142 3416 aliquando
2222 3342 2296 3392 se
2363 3315 2697 3404 offerant,
2772 3315 3123 3414 singulae;
3197 3317 3327 3394 hac
3398 3323 3633 3393 tamen
3702 3319 3967 3394 ratione
4033 3319 4332 3418 plurima

1277 3445 1525 3535 sponte
1595 3435 2124 3522 consuetudini,
2191 3436 2404 3509 rebus
2472 3435 2797 3510 iudicatis
2864 3436 2973 3510 vel
3036 3436 3387 3514 doctrinae
3436 3439 3727 3536 relinqui
3778 3439 4032 3536 quibus
4084 3463 4323 3514 verum

1277 3580 1358 3632 ac
1427 3553 1890 3647 necessarium
1950 3553 2386 3629 contineatur
2445 3554 2700 3628 codicis
2762 3556 3348 3655 supplementum.
3464 3558 3911 3657 Magistratus
3956 3565 4195 3632 autem
4247 3567 4321 3634 et

1275 3675 1464 3750 Ictos
1530 3697 1861 3774 germana
1925 3673 2098 3748 iuris
2161 3673 2448 3748 scientia
2508 3675 2856 3774 praeditos
2924 3675 3097 3774 legis
3144 3678 3672 3778 applicationem
3732 3701 3967 3776 regere
4028 3685 4320 3776 oportet.

1275 3795 1592 3870 Multum
1654 3792 1865 3869 etiam
1913 3793 2112 3870 abest
2164 3801 2246 3868 ut
2295 3795 2823 3870 commentarios
2870 3795 3145 3895 legibus
3206 3799 3558 3874 nocituros
3600 3797 4162 3873 existimaverint.
4264 3799 4325 3874 E

1277 3914 1615 3990 contrario
1663 3915 1913 3988 horum
1959 3913 2442 3990 necessitatem
2483 3914 2623 3990 alta
2666 3939 2829 3990 voce
2864 3915 3329 4014 proclamant,
3374 3917 3519 3993 imo
3566 3943 3727 3992 vero
3770 3917 4285 3993 commentandi
4301 3977 4321 4006 ,

1281 4032 1666 4109 disserendi
1693 4033 1963 4132 copiam
2004 4040 2076 4108 et
2119 4033 2449 4133 ambages
2492 4057 2657 4132 prae
2698 4033 2941 4109 ceteris
2978 4034 3359 4136 disciplinis
3378 4089 3383 4098 -
3404 4035 4021 4138 iurisprudentiam
4060 4035 4318 4136 optime

1277 4153 1446 4254 pati.
1549 4151 1824 4230 Quodsi
1871 4141 2018 4227 n‘on
2058 4152 2386 4228 omnibus
2423 4153 2695 4229 civibus
2738 4153 3025 4231 scientia
3072 4157 3311 4255 legum
3340 4164 3575 4256 pateat
3588 4215 3609 4245 ,
3657 4157 3787 4232 hoc
3826 4181 3917 4231 ne
3962 4154 4317 4256 simplicis-

1279 4272 1536 4348 simum
1581 4270 1866 4370 quidem
1909 4271 2218 4348 codicem
2259 4274 2525 4348 efficere
2564 4273 2929 4373 ipsamque
2967 4274 3237 4352 felicem
3283 4276 3458 4352 adeo
3505 4276 3903 4376 praedicant
3940 4275 4321 4352 civitatium

1275 4399 1708 4492 praesentem
1767 4390 2236 4468 conditionem
2291 4392 2703 4493 amplissimi
2754 4394 2855 4468 illi
2908 4395 3070 4484 viri,
3106 4403 3385 4496 propter
3432 4421 3514 4472 ea
3554 4396 3746 4496 quod
3782 4395 4323 4494 iurisprudentia

1278 4515 1350 4587 in
1401 4512 1924 4612 disciplinarum
1981 4535 2354 4588 numerum
2399 4512 2615 4588 relata
2664 4536 2829 4588 suos
2874 4513 3010 4589 sibi
3054 4517 3361 4615 postulet
3410 4516 3797 4592 sacerdotes
3816 4575 3837 4604 ,
3892 4515 4190 4614 ideoque
4232 4538 4319 4590 ne

1277 4631 1576 4706 iudicem
1627 4633 1910 4732 quidem
1953 4632 2264 4708 oblivisci
2303 4632 2521 4722 sinat,
2584 4634 2807 4709 multa
2862 4634 3145 4733 quidem
3204 4635 3293 4712 ab
3340 4637 3491 4714 eius
3540 4636 3797 4712 iudicio
3836 4636 4169 4734 pendere,
4212 4635 4316 4710 ni·

1281 4750 1379 4824 hil
1426 4759 1660 4828 tamen
1717 4778 1908 4829 mero
1964 4754 2114 4828 eius
2173 4753 2456 4830 arbitrio
2514 4753 2623 4828 vel
2679 4753 2933 4830 liberae
2986 4756 3324 4832 voluntati
3366 4781 3517 4832 esse
3556 4756 3893 4832 relictum.
3994 4753 4309 4852 Denique

1281 4893 1370 4942 ne
1415 4868 1544 4946 hoc
1594 4871 1876 4970 quidem
1929 4873 2114 4972 fugit
2149 4873 2613 4974 amplissimos
2656 4873 2837 4950 viros
2874 4884 3217 4975 quantum
3258 4876 3643 4954 necessario
3686 4875 3867 4950 inter
3910 4871 4312 4974 legislatoris
