4934 6184
2912 343 2953 388 δ

1379 680 1468 748 90
1884 681 1914 690 “
2553 683 2605 750 1.
2674 701 2849 750 van
2912 677 3233 746 HALL

1378 885 1756 966 scriberent
1815 884 2070 987 patrias
2089 944 2110 975 ,
2175 910 2318 964 non
2364 887 2831 965 describerent
2886 883 3185 962 Gallicas
3199 942 3219 974 ,
3266 888 3701 986 persuaserat
3745 881 4195 971 Kfflrnnus3
4244 885 4415 984 quin

1376 1005 1902 1082 iurisconsultos
1958 1005 2217 1106 Belgas
2261 1015 2505 1086 nactus
2552 1015 2663 1084 est
2708 1005 3129 1084 adversarios
3150 1063 3169 1094 ,
3231 1005 3493 1104 quibus
3556 1003 3731 1080 nihil
3754 1060 3774 1092 ,
3838 1002 3977 1079 nisi
4020 1003 4215 1102 quod
4252 1027 4413 1080 oum

1377 1125 1652 1225 legibus
1687 1126 1760 1201 N
1760 1125 2204 1224 apoleonticis
2245 1127 2338 1204 ad
2378 1128 2669 1204 verbum
2712 1127 3137 1215 concineret,
3184 1125 3535 1225 placebat3
3572 1148 3738 1201 mox
3780 1148 3941 1199 vero
3978 1123 4055 1197 in
4092 1147 4414 1225 supremo

1379 1243 1853 1344 delegatorum
1904 1269 2232 1324 consessu
2275 1247 2374 1324 ita
2418 1245 2803 1347 praevaluit
2848 1246 3015 1321 haec
3058 1242 3400 1320 sententia
3415 1300 3438 1332 ,
3480 1250 3561 1318 ιιι
3594 1242 3700 1318 vel
3728 1241 4219 1342 deponendum
4265 1267 4413 1318 esse

1375 1363 1726 1440 videretur
1770 1365 2088 1444 codicum
2153 1367 2671 1444 scribendorum
2738 1364 3171 1467 propositum
3239 1363 3351 1440 vel
3404 1363 3795 1440 cedendum
3854 1363 4172 1464 tempori.
4268 1364 4410 1440 Ita·

1377 1507 1514 1582 que
1531 1541 1554 1573 ,
1617 1491 1700 1559 ut
1747 1493 2020 1562 mutata
2081 1487 2286 1586 quasi
2335 1487 2789 1564 velificatione
2836 1487 2913 1562 in
2960 1479 3242 1586 portum
3298 1491 3533 1560 tamen
3580 1482 3953 1583 aliquando
4000 1482 4370 1584 adpelleret
4388 1542 4409 1571 ‚

1375 1602 1741 1680 consilium
1771 1604 2068 1682 mutavit
2109 1608 2577 1685 Gmmsmus
2610 1608 2785 1684 Rex.
2810 1607 3037 1705 Leges
3058 1603 3445 1680 Ordinibus
3470 1601 3857 1678 offerendas
3878 1603 4183 1693 curavit,
4232 1629 4407 1704 quae

1375 1747 1632 1824 magna
1670 1750 1796 1824 pro
1831 1734 2028 1827 parte
2065 1726 2320 1804 codicis
2359 1725 2909 1803 Franco-Gallici
2944 1725 3311 1824 repetitam
3349 1721 3799 1800 continebant
3845 1722 4371 1823 praelectionem
4386 1783 4406 1814 ‚

1373 1869 1516 1920 non
1561 1845 1711 1922 sine
1759 1847 2244 1948 supplemento
2289 1854 2527 1922 tamen
2564 1854 2691 1922 aut
2728 1843 3211 1922 emendatione
3228 1902 3249 1935 ,
3298 1867 3475 1943 quas
3515 1842 3703 1942 ipsas
3744 1866 3883 1918 non
3930 1843 4079 1918 sine
4118 1843 4407 1920 difficul-

1371 1970 1518 2042 tate
1572 1966 1856 2042 tandem
1907 1968 2238 2067 pertulit,
2287 1972 2369 2043 ut
2415 1991 2533 2044 eas
2580 1974 2739 2068 post
2769 1964 3127 2066 Belgicam
3170 1987 3403 2040 rerum
3442 1962 3959 2040 conversionem
4008 1965 4241 2040 denuo
4284 1963 4409 2040 im-

1371 2089 1678 2158 mutaret
1695 2141 1718 2173 ,
1774 2107 1958 2182 nque
2003 2083 2302 2184 magis’',
2348 2093 2432 2161 ut
2474 2085 2574 2162 ait
2618 2085 2803 2184 ipse,
2856 2107 3016 2161 neas
3062 2083 3156 2158 ad
3197 2089 3591 2158 nostrorum
3633 2081 4000 2160 hominum
4044 2082 4415 2160 utilitatem

1373 2201 2008 2293 accommodaret”;
2076 2205 2289 2304 atque
2333 2204 2436 2282 ita
2500 2206 2785 2280 tandem
2803 2261 2838 2294 ,
2884 2217 3046 2304 post
3102 2203 3415 2304 quinque
3456 2201 3601 2278 fere
3644 2201 4021 2278 lustrorum
4072 2203 4373 2280 laborem
4390 2262 4409 2292 ‚

1371 2323 1446 2398 in
1497 2321 1678 2398 vitae
1721 2347 1930 2400 usum
1969 2323 2347 2402 induceret.

1475 2563 1796 2640 Profecto
1817 2620 1840 2655 ,
1908 2565 2326 2644 Auditores!
2399 2587 2631 2666 neque
2700 2563 2923 2642 doctis
2982 2585 3213 2663 neque
3272 2563 3533 2664 populo
3592 2564 3861 2665 placere
3916 2563 4147 2664 potuit
4196 2563 4417 2666 patria

1373 2683 1496 2760 illa
1567 2685 1963 2783 codffcatio.
2083 2683 2286 2786 Opus
2363 2686 2481 2762 vix
2565 2692 2973 2786 susceptum
3052 2683 3424 2784 deponitur
3494 2707 3737 2760 rursus
3796 2709 3839 2761 e
3900 2683 4229 2760 manibus
4248 2742 4283 2773 „
4335 2693 4413 2759 ut

1371 2825 1542 2879 mox
1585 2803 1816 2881 denuo
1865 2802 2284 2905 suscipiatur
2299 2837 2348 2896 ς.
2385 2805 2489 2882 ita
2532 2813 2773 2884 autem
2816 2804 3062 2882 faciem
3115 2802 3445 2882 continuo
3492 2811 3765 2894 mutat,
3827 2811 3953 2895 ut,
4000 2830 4085 2882 eo
4132 2805 4415 2905 quidem

1371 2930 1684 3024 tempore
1702 2981 1726 3014 ‚
1793 2924 2026 3000 oleum
2095 2949 2517 3026 operamque
2576 2927 2865 3028 perdere
2914 2925 3261 3002 videretur
3275 2983 3298 3015 ,
3354 2924 3415 3000 si
3462 2923 3623 3023 quis
3666 2923 3743 3000 in
3791 2949 3875 3002 ea
3932 2950 4115 3026 quae
4170 2931 4413 3027 propo-

1371 3041 1720 3120 nebantur
1759 3045 1970 3144 paulo
2009 3044 2338 3122 subtilius
2373 3045 2871 3146 inquirendum
2910 3045 3139 3148 deque
3173 3046 3261 3122 iis
3293 3045 3469 3122 adeo
3510 3044 4041 3147 disceptandum
4073 3049 4409 3126 censeret!

1375 3163 1574 3244 Quid
1591 3221 1614 3254 ,
1683 3163 1875 3264 quod
1937 3165 2130 3264 leges
2185 3165 2579 3266 propositae
2640 3167 2741 3244 ita
2796 3191 2937 3243 non
2990 3166 3191 3242 facile
3241 3165 3887 3266 cognoscebantur?
3960 3167 4177 3247 Quod
4219 3167 4411 3269 igno-

1372 3282 1708 3360 rabantur
1766 3307 2050 3382 prorsus
2111 3309 2292 3385 quae
2345 3286 2422 3362 in
2482 3311 2811 3389 supremo
2874 3285 3294 3386 reipublicae
3338 3284 3625 3362 consilio
3672 3286 3761 3362 de
3806 3285 3895 3361 iis
3940 3286 4203 3387 agitata
4265 3286 4405 3362 fue-

1371 3405 1594 3478 runt?
1669 3403 1886 3484 Quod
1943 3403 2178 3503 regius
2237 3404 2645 3483 administer
2709 3406 2900 3507 apud
2949 3406 3227 3483 ordines
3266 3429 3405 3482 non
3450 3405 3681 3506 legem
3725 3403 4086 3495 tuebatur,
4135 3406 4409 3507 qualem

1337 3524 1524 3624 ‘ipse
1571 3523 1952 3625 probabat,
2003 3523 2128 3600 scd
2177 3548 2392 3623 quam
2437 3525 2981 3636 conscripserant
3026 3524 3193 3600 alii?

1469 3643 1820 3742 Equidem
1880 3668 2020 3720 non
2087 3643 2148 3719 is
2217 3669 2417 3735 sum,
2482 3645 2609 3745 qui
2652 3669 2791 3721 non
2842 3645 3085 3746 magni
3134 3644 3381 3722 faciam
3421 3643 3614 3722 haud
3654 3669 3915 3745 paucos
3958 3669 4241 3734 eorum,
4288 3645 4409 3744 qui

1375 3762 1758 3840 scribendis
1800 3763 2156 3840 codicibus
2203 3789 2481 3866 operam
2528 3764 2910 3855 dederunt,
2958 3764 3146 3842 sed
3125 3791 3199 3840 m
3252 3764 3654 3842 enarrandis
3692 3773 3969 3842 nostrae
4000 3765 4187 3840 illius
4224 3764 4403 3848 codi-

1373 3883 1714 3960 ficationis
1751 3883 2280 3961 difficultatibus
2341 3910 2424 3960 eo
2469 3886 2771 3964 maxime
2831 3887 3183 3988 proposito
3229 3892 3609 3987 occupatus
3650 3886 3796 3977 fui,
3844 3893 3927 3962 ut
3978 3885 4407 3962 ostenderem

1375 4027 1518 4078 non
1568 4003 1933 4080 hominum
1990 4005 2116 4082 sed
2175 4011 2573 4107 temporum
2631 4004 2863 4082 fuisse·
2888 4006 3137 4082 vitium
3156 4065 3177 4097 ‚
3230 4007 3293 4083 si
3332 4007 3535 4084 fictae
3580 4007 3997 4106 relictaeque
4038 4008 4227 4106 leges
4272 4030 4409 4082 nou

1375 4121 1550 4198 tales
1615 4121 1902 4199 tandem
1957 4124 2147 4225 apud
2199 4150 2327 4202 nos
2376 4124 2803 4214 exstiterint,
2852 4127 3095 4224 quales
3146 4126 3283 4202 sibi
3324 4133 3605 4227 exoptet
3650 4126 3953 4227 populus
3975 4184 3996 4217 ,
4046 4126 4173 4226 qui
4218 4123 4407 4226 pere-

1375 4241 1612 4342 grinas
1659 4241 1794 4316 sibi
1835 4242 2192 4340 impositas
2239 4245 2426 4344 leges
2445 4303 2466 4333 ,
2516 4253 2675 4346 post
2716 4245 2962 4346 viginti
3004 4247 3315 4346 quinque
3352 4271 3695 4324 annorum
3731 4245 4037 4324 laborem
4056 4303 4079 4335 ,
4126 4244 4407 4322 tandem

1373 4359 1750 4460 aliquando
1796 4359 2240 4461 depositurus
2285 4371 2414 4440 est.

1468 4479 1720 4557 Dicam
1791 4479 2050 4556 scilicet
2109 4482 2302 4580 quod
2363 4482 2626 4558 sentio:
2695 4483 2965 4561 codices
3006 4485 3227 4562 nostri

1473 4599 1698 4698 primo
1745 4626 1876 4678 non
1924 4625 2186 4702 semper
2225 4606 2627 4680 conveniunt
2664 4629 2807 4680 cum
2848 4608 3031 4683 veris
3074 4613 3149 4683 et
3181 4609 3501 4708 yenuinis
3548 4607 3727 4684 imis
3758 4607 4166 4712 mancupem

1475 4717 1730 4794 deinde
1791 4747 1922 4798 non
1973 4724 2149 4800 satis
2187 4725 2472 4823 plenam
2540 4727 2715 4804 iuris
2732 4784 2757 4816 ‚
2816 4729 3001 4828 quod
3068 4730 3145 4804 in
3186 4729 3437 4828 patria
3508 4729 3729 4830 τιμαί,
3776 4728 4117 4806 continent
4162 4727 4409 4802 descri-
