4934 6184
1397 649 1484 716 60
2594 586 3233 712 J.J.'1³R1Ns

1391 853 1633 969 mandi
1685 859 1852 928 sunt
1893 851 2260 928 Sacrorum
2307 851 2655 927 antistites
2671 910 2692 941 ‚
2756 850 2846 926 de
2888 849 3344 928 Academicae
3388 847 3845 925 institutionis
3858 881 3875 912 >
3890 849 4191 928 utilitate
4236 851 4429 929 haud

1391 976 1624 1051 minus
1694 971 2058 1074 magnifice
2123 971 2377 1048 sentire
2397 1029 2420 1060 ,
2481 997 2691 1073 quam
2742 970 3133 1048 communis
3185 968 3319 1046 fert
3363 968 3816 1046 Eruditorum
3858 971 4221 1048 sententia.
4320 973 4430 1048 De

1389 1120 1506 1170 me
1573 1092 1792 1193 igitur
1853 1091 2074 1169 Vobis
2127 1091 2228 1168 ita
2283 1091 2755 1192 persuadeatis
2774 1150 2795 1181 ,
2858 1092 2989 1167 hoc
3043 1089 3218 1165 mihi
3261 1091 3337 1164 in
3378 1088 3555 1164 votis
3598 1113 3749 1166 esse
3770 1147 3793 1180 ,
3858 1099 3941 1166 ut
3982 1115 4109 1191 pro
4159 1090 4420 1167 viribus

1389 1213 1656 1314 aliquid
1705 1211 2050 1288 conferam
2099 1211 2190 1286 ad
2241 1211 2561 1286 alendam
2606 1209 3141 1310 augendamque
3182 1208 3375 1286 illam
3417 1209 3599 1284 inter
3648 1207 3963 1284 eiusdem
4011 1209 4425 1286 Academiae

1391 1335 1706 1410 doctores
1754 1332 2146 1408 animorum
2199 1329 2755 1408 coniunctionem
2776 1387 2797 1418 ,
2864 1353 3007 1429 qua
3046 1327 3233 1404 illius
3282 1328 3490 1404 saluti
3534 1335 3609 1404 et
3654 1328 3911 1428 gloriae
3952 1329 4215 1429 optime
4266 1353 4423 1406 con·

1385 1455 1674 1530 sulatur.
3216 1441 3235 1456 ⁶
4204 1523 4219 1552 ,

1449 1573 1703 1653 Quod
1767 1572 2084 1674 inprimis
2151 1569 2372 1646 Vobis
2420 1568 2683 1646 dictum
2738 1569 2829 1644 sit
2848 1627 2869 1658 ,
2910 1542 3086 1642 'Viri
3130 1567 3544 1645 Clarissimi!
3612 1567 3873 1667 quibus
3922 1567 4426 1668 Theologorum

1390 1694 1584 1770 Ordo
1645 1691 1806 1769 Lei
1824 1693 1994 1766 den
2015 1692 2143 1766 sis
2211 1696 2502 1766 constat.
2621 1688 2997 1765 Vobiscum
3066 1687 3475 1766 arctioribus
3537 1689 3751 1764 etiam
3814 1687 4105 1764 vinculis
4164 1687 4267 1764 ita
4318 1712 4427 1764 me

1388 1814 1838 1890 coniunctum
1899 1811 2100 1886 video
2124 1869 2144 1900 ‚
2215 1819 2300 1884 ut
2363 1809 2603 1909 paucis
2657 1807 2803 1883 Vos
2865 1807 3269 1908 singulatim
3300 1885 3305 1891 ,
3340 1805 3750 1906 compellare
3811 1806 4088 1882 animus
4140 1808 4421 1882 omnino

1390 1931 1650 2008 iubeat.
1751 1930 2069 2007 Decessit
2127 1953 2168 2002 e
2226 1928 2555 2004 Vestrum
2606 1953 2897 2006 numero
2918 1985 2938 2016 ‚
3000 1953 3141 2026 quo
3192 1951 3354 2002 cum
3398 1925 3841 2002 celeberrimo
3888 1927 4183 2002 Panum
4229 1951 4423 2025 prae-

1388 2058 1664 2151 ceptore
1727 2071 1904 2126 usus
1983 2073 2138 2125 sum
2157 2106 2179 2137 ,
2240 2047 2483 2124 multis
2540 2046 2715 2122 mihi
2765 2045 3167 2123 nominibus
3217 2045 3505 2131 colendo
3525 2103 3545 2134 ‚
3602 2047 3981 2121 Ionamms
4028 2046 4393 2142 Cnaarssr
4406 2080 4425 2134 ;

1389 2170 1514 2244 sed
1557 2159 1654 2246 'te
1723 2168 1952 2246 adhuc
2031 2167 2473 2268 superstitem
2561 2167 2673 2242 hic
2756 2167 2997 2242 adesse
3014 2225 3037 2258 ,
3106 2165 3504 2242 Clarissima
3572 2165 3984 2246 Haueaml.
4028 2173 4171 2255 est,
4240 2165 4425 2264 quod

1390 2289 1864 2390 maximopere
1933 2287 2147 2364 laeter
2209 2279 2520 2385 mihique
2586 2311 2673 2362 ex
2734 2286 2967 2362 animo
3037 2287 3363 2386 gratuler.
3464 2282 3649 2359 -Tibi
3708 2285 3882 2383 quid
3950 2283 4243 2360 debeam
4264 2343 4283 2373 ,
4354 2285 4427 2358 in

1388 2406 1589 2487 cuius
1641 2405 2077 2507 disciplinam
2129 2430 2171 2479 e.
2221 2405 2482 2480 summi
2525 2405 2891 2480 Lsnnamr
2936 2413 3008 2480 et
3050 2405 3417 2480 Rooanan
3456 2411 3529 2480 et
3560 2403 3669 2479 tu'i
3712 2402 3991 2504 meique
4026 2404 4426 2480 Rooransu

1387 2526 1619 2601 schola
1687 2549 1801 2600 me
1865 2526 2072 2601 Pater
2136 2523 2446 2623 optimus
2510 2523 2865 2600 transtulit
2884 2580 2905 2611 ,
2982 2533 3149 2600 tuus
3216 2525 3579 2624 quondam
3650 2524 4029 2600 commilito
4085 2532 4161 2600 et
4217 2525 4423 2600 etiam

1385 2669 1577 2722 nunc
1627 2644 1894 2720 amicus
1937 2643 2428 2742 integerrimus
2449 2701 2472 2732 ,
2520 2643 2833 2743 mihique
2877 2642 3021 2718 filio
3062 2643 3216 2744 ipsa
3262 2643 3403 2718 vita
3446 2645 3664 2720 carior
3680 2703 3701 2734 ‚
3750 2643 4011 2745 quique
4060 2645 4385 2720 maximis
4405 2705 4426 2735 ‚

1392 2763 1652 2864 quibus
1701 2788 1815 2840 me
1865 2761 2285 2851 cumulasti,
2351 2761 2701 2839 beneficiis
2741 2772 2813 2838 et
2857 2763 2987 2838 hoc
3033 2763 3571 2864 superaddidisti
3586 2823 3608 2854 ,
3672 2765 3864 2864 quod
3906 2765 4080 2840 mihi
4094 2824 4115 2854 ‚
4176 2773 4263 2840 ut
4310 2765 4424 2840 de-

1389 2885 1604 2961 latam
1643 2882 1718 2958 in
1760 2907 1876 2958 me
1920 2882 2340 2982 provinciam
2393 2883 2587 2960 haud
2630 2879 3019 2960 recusarem
3034 2942 3055 2973 ,
3106 2908 3347 2960 suasor
3386 2884 3764 2973 exstiterim
3816 2882 3978 2960 'ribi
4008 2885 4227 2985 igitur
4256 2885 4422 2985 quid

1396 3004 1689 3081 debeam
1708 3063 1729 3093 ‚
1791 3001 2020 3079 verbis
2065 3027 2231 3080 sane
2274 3005 2636 3079 enuntiare
2688 3001 2996 3102 neque03
3049 3003 3173 3078 sed
3216 3003 3504 3080 beatum
3548 3029 3663 3080 me
3712 3003 4033 3104 praedico
4049 3062 4070 3094 ,
4120 3005 4247 3104 qui
4288 3005 4423 3080 iam

1391 3123 1554 3198 Tibi
1599 3124 1844 3199 adesse
1893 3145 2260 3221 meamque
2307 3121 2444 3196 'rui
2485 3121 2994 3218 observantiam
3039 3122 3201 3198 'ribi
3240 3123 3531 3224 probare
3578 3124 3859 3222 possim.
3960 3125 4155 3199 Inter
4202 3123 4421 3199 Theo·

1387 3244 1583 3341 logos
1648 3243 1762 3318 'I'u
1822 3247 2006 3316 certe
2021 3300 2042 3330 ‚
2105 3265 2533 3342 quamquam
2592 3243 2765 3318 rude
2827 3243 3125 3318 donatus
3145 3300 3165 3331 ‚
3230 3245 3546 3320 omnium
3588 3244 3937 3344 suffragiis
3958 3304 3981 3334 ,
4044 3244 4420 3344 principem

1389 3363 1622 3437 locum
1682 3359 1991 3449 obtines,
2060 3385 2190 3436 nec
2241 3360 2440 3437 facile
2486 3363 2903 3462 reperietur,
2962 3363 3088 3463 qui
3141 3363 3229 3438 de
3280 3363 3465 3440 Novi
3512 3365 3971 3462 Testamentiq
3990 3373 4139 3457 arte
4180 3388 4419 3464 exege-

1385 3482 1526 3556 tica
1588 3482 1687 3557 'I'e
1749 3480 1974 3580 magis
2039 3480 2371 3556 meliusve
2433 3480 2782 3559 meruerit.
2881 3483 3113 3562 Quam
3178 3508 3311 3583 ego
3364 3491 3585 3561 artem
3639 3494 3793 3561 tum
3848 3455 4135 3560 demum
4188 3509 4300 3560 me
4346 3484 4417 3557 in

1335 3697 1341 3702 Ι
1387 3601 1523 3678 hac
1563 3601 1942 3677 Academia
1987 3601 2434 3700 probabiliter
2476 3601 2793 3677 docuisse
2836 3601 3245 3679 existimabo
3268 3661 3289 3693 ,
3340 3629 3561 3704 quum
3581 3662 3602 3693 ,
3650 3604 3787 3680 'rui
3836 3605 3929 3680 ad
3982 3604 4377 3706 exemplum
4396 3661 4415 3692 ‚

1385 3721 1912 3822 grammaticam
1970 3721 2470 3821 interpretandi
2532 3721 2869 3797 rationem
2928 3722 3131 3798 unice
3204 3747 3435 3800 veram
3488 3732 3561 3800 et
3610 3726 3761 3825 ipse
3810 3734 4091 3802 secutus
4154 3733 4227 3802 et
4282 3724 4416 3798 dis-

1387 3840 1652 3940 cipulos
1720 3838 1813 3915 ad
1865 3865 2022 3916 eam
2093 3843 2523 3940 sequendam
2592 3841 2871 3922 assidue
2934 3842 3329 3918 cohortatus
3382 3844 3651 3922 fuerim.
3752 3846 3863 3922 'I'u
3912 3845 4127 3945 igitur
4144 3904 4165 3935 ,
4219 3867 4415 3920 vene·

1390 3960 1605 4034 raude
1651 3962 1903 4035 senex!
1972 3961 2274 4037 vicissim
2333 3961 2508 4036 mihi
2567 3962 2809 4038 adesse
2863 3961 3173 4063 Tuisque
3220 3989 3332 4039 me
3377 3964 3659 4040 monitis
3710 3991 3791 4041 ac
3836 3956 4139 4042 consiliis
4189 3965 4418 4040 iuvare

1391 4102 1642 4178 pergas
1659 4136 1680 4167 ‚
1753 4078 1972 4154 donec
2043 4081 2135 4154 ad
2185 4079 2445 4172 ‚altiora
2505 4083 2605 4157 Te
2631 4090 2887 4170 ,evocet
2908 4141 2929 4172 ,
2969 4108 3211 4184 *quam
3260 4094 3543 4183 paratus
3590 4093 3947 4186 exspectas
3968 4145 3990 4176 ,
4058 4085 4195 4161 Dei
4242 4084 4416 4160 eius-

1395 4197 1696 4296 demque
1745 4197 1972 4274 Patris
1999 4198 2500 4298 ,benignissimi
2548 4226 2678 4276 vox
2733 4203 3082 4278 coelestis!
3136 4247 3231 4264 —
3278 4205 3430 4280 Nec
3479 4204 3713 4280 minus
3760 4207 3859 4280 Te
3910 4211 4415 4306 praeceptorem

1389 4317 1736 4418 optimum
1795 4325 1870 4392 et
1927 4317 2232 4393 amicum
2275 4318 2798 4421 integerrimum
2850 4330 2923 4398 et
2962 4323 3105 4398 iam
3148 4323 3481 4424 collegam
3525 4325 3933 4426 compellare
3980 4324 4416 4402 aestumatis-

1391 4438 1645 4513 simum
1667 4494 1686 4526 ,
1758 4436 2157 4512 Clarissima
2225 4437 2479 4514 Krs'rr!
2557 4440 2801 4541 utique
2856 4466 2982 4542 par
3046 4443 3218 4520 est.‘
3272 4445 3439 4520 Huc
3504 4469 3616 4518 me
3682 4452 4003 4520 vocatum
4064 4469 4251 4534 esse,
4319 4446 4417 4518 Te

1389 4557 1579 4633 haud
1645 4557 1861 4633 invito
1880 4616 1902 4647 ‚
1969 4564 2042 4632 et
2101 4558 2362 4634 Tecum
2427 4560 2657 4636 adhuc
2726 4561 3073 4638 studiosae
3134 4563 3480 4640 iuventuti
3544 4567 3867 4664 prodesse
3922 4590 4123 4665 posse
4141 4625 4163 4656 ‚
4220 4565 4419 4641 cuius

1384 4677 1542 4776 ‚ipse
1605 4679 1770 4752 olim
1839 4677 2221 4778 discipulus
2285 4680 2611 4756 eximiam
2670 4691 2995 4782 expertus
3052 4708 3206 4760 sum
3263 4684 3809 4761 benevolentiam
3830 4743 3850 4774 ‚
3919 4684 4102 4760 inter
4160 4686 4419 4786 optima

1409 4795 1626 4889 refero
1643 4854 1665 4886 ,
1734 4820 1912 4896 quae
1978 4797 2054 4872 in
2129 4823 2242 4876 me
2306 4799 2511 4878 hodie
2570 4800 2833 4877 confert
2888 4801 3123 4877 divina
3165 4802 3605 4880 Providentia
3620 4861 3641 4892 ,
3690 4803 3871 4880 vitae
3922 4801 4125 4880 bona.
4222 4805 4376 4903 Age
4398 4862 4419 4893 ,
