4934 6184
1762 694 2317 766 ouarro.
3175 772 3183 780 ,
3445 693 3570 761 ιπ

536 932 623 988 ea
680 908 935 985 vivitur
1000 910 1263 997 aetate,
1334 926 1517 1003 quae
1581 927 1625 980 a
1684 904 2033 1005 superiore
2098 903 2213 979 vix
2274 900 2618 1002 discrepat
2684 924 2912 1001 neque
2977 900 3130 1000 ipsa
3185 900 3568 999 quidquam

536 1014 847 1107 continet
868 1089 889 1119 ,
940 1052 1081 1128 quo
1122 1027 1197 1101 in
1240 1024 1549 1125 aliquam
1597 1020 1867 1123 partem
1906 1024 2245 1125 agitetur,
2294 1022 2492 1097 deest
2539 1020 2599 1095 si
2633 1046 2770 1096 non
2812 1044 3018 1096 causa
3035 1078 3056 1109 ,
3104 1028 3287 1095 certe
3322 1044 3566 1120 oppor-

539 1151 806 1225 tunitas
858 1146 1183 1249 exigendi
1230 1144 1619 1247 praesentia
1672 1143 1763 1218 ad
1800 1142 2189 1244 praeterita.⁴
2292 1140 2432 1217 Sed
2475 1140 2536 1216 si
2577 1166 2622 1216 a
2661 1140 2954 1240 pristina
2983 1140 3334 1241 cogitandi
3359 1165 3568 1241 agen-

538 1270 751 1370 dique
814 1269 1081 1345 ratione
1143 1265 1532 1343 deflectitur
1570 1263 1995 1363 inclinatque
2040 1262 2133 1339 ad
2177 1261 2794 1339 commutationem
2839 1268 3028 1337 aetas
3043 1319 3064 1350 ,
3114 1267 3266 1336 tum
3309 1260 3384 1335 in
3427 1261 3566 1337 dis·

540 1391 727 1465 sonis
770 1386 1191 1465 clamoribus
1232 1410 1471 1461 eorum
1490 1443 1511 1475 ,
1561 1383 1687 1483 qui
1728 1392 1855 1460 aut-
1892 1383 2262 1485 impellunt
2314 1392 2387 1458 et
2426 1382 2718 1457 incitant
2767 1388 2892 1457 aut
2935 1381 3242 1480 receptui
3288 1380 3568 1480 signum

539 1509 711 1585 dant
732 1568 753 1597 ,
826 1507 1033 1583 multi
1099 1508 1327 1584 locum
1393 1504 1809 1603 anquirunt,
1878 1504 1949 1579 in
2012 1528 2153 1602 quo
2212 1529 2255 1578 a
2312 1501 2694 1579 calcaribus
2737 1527 2958 1601 aeque
3011 1510 3223 1600 atque
3272 1526 3315 1577 a
3358 1501 3569 1577 frenis

538 1629 681 1703 tuti
742 1628 1126 1707 consistant
1191 1624 1467 1725 ipsique
1522 1624 1839 1713 videant,
1888 1648 2221 1725 quorsum
2270 1622 2506 1699 omnia
2559 1629 2907 1721 spectent,
2957 1622 3130 1720 quid
3173 1621 3282 1696 sui
3331 1621 3570 1697 iudicii

540 1745 721 1821 viros
766 1745 963 1845 sequi
996 1751 1327 1844 oporteat.
1426 1742 1611 1817 Tum
1668 1766 1899 1818 rerum
1940 1750 2296 1841 gestarum
2342 1741 2676 1817 memoria
2725 1743 2800 1818 in
2845 1740 3086 1842 primis
3129 1742 3369 1817 efficax
3411 1766 3568 1817 cen-

540 1878 731 1940 setur
794 1864 885 1940 ad
954 1870 1387 1964 praesentem
1460 1870 1759 1937 aetatem
1830 1860 2397 1962 cognoscendam.
2523 1862 3005 1961 Comparando
3079 1860 3534 1961 investigatur
3547 1919 3568 1949 ‚

538 1984 713 2083 quid
760 1991 834 2059 et
882 1984 1007 2060 ubi
1054 1985 1311 2073 simus,
1362 1990 1603 2058 utrum
1640 1980 1821 2058 bene
1856 2006 2127 2081 sperare
2170 1981 2372 2057 liceat
2409 1982 2498 2057 de
2533 1982 2966 2082 temporibus
2984 2040 3004 2071 ,
3054 2005 3236 2079 quae
3269 1981 3568 2068 instant,

536 2130 627 2179 an
679 2112 919 2182 contra
964 2105 1141 2181 illud
1185 2103 1440 2205 partim
1488 2108 1719 2178 ratum
1766 2100 1895 2189 sit,
1943 2100 2195 2200 partim
2242 2099 2638 2188 immineat,

1502 2248 1675 2306 Aetas
1712 2248 1999 2325 parentum
2015 2288 2031 2317 ,
2073 2242 2229 2325 peior
2266 2242 2385 2304 avis
2400 2288 2415 2316 ,
2456 2242 2586 2303 tulit

1584 2348 1708 2407 Nos
1744 2346 2037 2427 nequiores
2050 2390 2067 2419 ,
2108 2366 2243 2407 mox
2279 2345 2504 2407 daturos

1684 2450 2019 2529 Progeniem
2058 2449 2415 2511 vitiosiorem.

630 2590 800 2665 Quo
855 2587 1031 2661 fines
1076 2588 1601 2688 comparationis
1643 2588 2113 2689 proferantur,
2162 2586 2422 2688 pendet
2464 2588 2744 2689 saepius
2789 2612 2830 2662 e
2879 2588 3108 2663 seculo
3128 2646 3148 2675 ,
3199 2588 3289 2663 ad
3343 2587 3531 2687 quod
3550 2646 3571 2676 ,

536 2707 804 2806 quippe
852 2730 1139 2781 aureum
1159 2765 1180 2796 ,
1244 2707 1509 2804 reditus
1552 2715 1918 2809 exoptatur
1936 2766 1957 2797 ,
2019 2707 2207 2783 unde
2257 2707 2460 2782 hodie
2518 2708 2746 2783 recedi
2789 2734 2831 2783 a
2879 2708 3229 2783 nonnullis
3281 2709 3455 2782 solet
3501 2709 3574 2781 in

532 2849 785 2900 aevum
806 2882 827 2913 ,
901 2826 1093 2923 quod
1154 2826 1444 2917 dicitur,
1510 2828 1821 2905 medium
1839 2887 1860 2918 ,
1930 2827 2336 2928 limpidum,
2410 2836 2493 2903 ut
2551 2828 2748 2903 aiunt
2769 2887 2792 2917 ,
2857 2827 3200 2904 bonorum
3257 2826 3572 2902 omnium

534 2946 831 3020 fontem.
1640 2972 1645 2977 ·

631 3064 985 3163 Equidem
1006 3124 1027 3153 ,
1066 3066 1175 3155 ,.Α.
1194 3068 1283 3141 A.
1306 3125 1327 3155 ,
1394 3092 1819 3171 quamquam
1875 3070 1963 3145 de
2020 3070 2150 3146 hoc
2198 3068 2648 3171 comparandi
2677 3068 2927 3145 studio
2967 3068 3140 3145 nihil
3185 3067 3566 3143 detractum

532 3186 689 3261 volo
706 3211 735 3275 ,f
780 3184 1028 3260 dubito
1080 3197 1313 3263 tamen
1337 3246 1357 3277 ,
1407 3213 1581 3267 num
1632 3190 1760 3267 hac
1812 3216 1943 3291 ope
1993 3215 2080 3267 ex
2124 3192 2405 3266 incertis
2450 3189 2624 3266 certi
2674 3189 3108 3269 dimittamur
3126 3247 3147 3278 ,
3197 3196 3277 3262 ut
3326 3211 3414 3261 ne
3463 3212 3572 3261 res

526 3315 791 3381 temere
862 3314 1235 3383 tractemus
1294 3308 1633 3387 turbidas.
1750 3312 1939 3387 Nam
1992 3311 2375 3387 afferuntur
2440 3311 2582 3387 fere
2649 3334 2760 3385 res
2820 3310 3168 3411 singulae,
3239 3333 3418 3407 quae
3439 3367 3459 3396 ,
3529 3336 3572 3383 a

528 3426 675 3501 suis
750 3424 1063 3501 divulsae
1134 3427 1565 3528 temporibus
1627 3430 1987 3532 ipsiusque
2057 3432 2236 3508 vitae
2296 3432 2450 3507 luce
2521 3456 2660 3506 non
2723 3431 3024 3530 amplius
3095 3412 3530 3505 collustratae
3551 3487 3571 3517 ,

527 3544 725 3621 facile
774 3546 850 3620 in
896 3570 1195 3621 errorem
1238 3548 1529 3625 ducunt.
1626 3550 2045 3651 Fragmenta
2094 3559 2261 3627 sunt
2278 3610 2299 3641 ,
2349 3551 2610 3652 quibus
2667 3552 2860 3627 nullo
2909 3551 3188 3652 negotio
3233 3550 3572 3627 contraria

527 3664 921 3765 fragmenta
967 3674 1436 3767 opponuntur.
1533 3669 1749 3745 Velut
1774 3672 2071 3770 priscam
2108 3670 2578 3772 frugalitatem
2606 3680 2679 3747 et
2703 3672 3191 3771 parsimoniam
3223 3670 3568 3745 celebran-

528 3784 726 3859 tibus
790 3786 1174 3861 certissima
1234 3811 1320 3861 ex
1386 3788 1631 3864 eodem
1692 3798 2000 3890 tempore
2064 3792 2488 3867 obiiciuntur
2551 3791 2840 3890 vestigia
2904 3791 3122 3864 ruris:
3194 3788 3573 3862 reverentia

530 3903 1077 4003 magistratuum
1124 3912 1195 3981 et
1239 3906 1581 3983 maiorum
1628 3918 1803 3988 natu
1843 3936 1933 3987 ne
1978 3910 2191 3988 altera
2230 3911 2393 3987 lanx
2436 3917 2676 4011 vergat
2693 3970 2713 3999 ,
2761 3907 3139 3985 eorundem
3177 3906 3572 4006 superbiam

532 4033 609 4099 et
672 4026 1181 4101 contumaciam
1256 4026 1329 4101 in
1408 4027 1623 4105 altera
1667 4038 1975 4131 ponunt:
2046 4030 2474 4132 plebeiorum
2540 4030 2905 4107 hominum
2976 4029 3364 4130 ignorantia
3430 4051 3572 4102 non

536 4143 777 4218 minus
826 4143 1083 4249 citatur
1124 4170 1335 4245 quam
1375 4146 1685 4248 ipsorum
1732 4151 1806 4225 in
1856 4176 1984 4227 sua
2024 4160 2205 4227 sorte
2252 4151 2836 4251 acquiescentium
2874 4148 3248 4227 modestia:
3299 4149 3386 4225 de
3426 4148 3570 4248 pie-

542 4272 691 4339 tate
760 4288 925 4363 erga
985 4264 1219 4341 Deum
1274 4268 1543 4366 quoties
1608 4292 1833 4345 sermo
1886 4279 1993 4345 est
2009 4329 2032 4360 ,
2095 4271 2302 4347 toties
2368 4272 2441 4345 in
2505 4294 2621 4346 ore
2673 4278 2782 4345 est
2824 4268 3068 4369 religio
3111 4266 3402 4343 vinculis
3447 4266 3568 4341 ad-

536 4382 777 4457 stricta
798 4442 821 4473 ,
889 4385 981 4460 ad
1050 4385 1379 4463 formulas
1439 4389 1893 4492 praescriptas
1950 4391 2151 4491 quasi
2208 4391 2600 4473 ad.saxum
2648 4390 3140 4467 adhaerescens
3157 4445 3178 4475 ,
3227 4408 3454 4484 neque
3497 4384 3570 4457 in

530 4504 651 4579 illa
726 4502 1045 4581 libertate
1111 4506 1377 4583 radices
1437 4532 1653 4609 agens
1673 4566 1696 4599 ,
1764 4510 1965 4586 cuius
2032 4535 2383 4587 summam
2445 4509 2940 4611 praestantiam
3002 4507 3374 4581 Cnms'rus
3443 4526 3568 4576 suo

530 4626 685 4724 ipse
741 4625 1071 4725 ‚exemplo
1128 4626 1467 4727 probavit.
1566 4630 1857 4705 Accedit
1920 4629 2111 4728 quod
2176 4653 2317 4703 non
2384 4627 2680 4716 desunt,
2747 4625 2872 4724 qui
2934 4624 3063 4699 hac
3127 4623 3570 4721 comparandi

534 4744 799 4821 ratione
856 4744 1034 4820 nihil
1080 4770 1501 4849 magnopere
1542 4749 1721 4824 effici
1768 4748 2224 4838 arbitrentur,
2274 4746 2411 4822 nisi
2448 4746 2622 4822 verti
2663 4738 2896 4821 omnia
2942 4744 3017 4819 in
3062 4742 3298 4818 orbem
3314 4800 3335 4832 ,
3383 4750 3567 4819 certe

532 4864 697 4941 inde
748 4890 1077 4966 apparere
1118 4876 1371 4967 putent
1389 4927 1412 4962 ,
1459 4892 1692 4945 rerum
1741 4867 1996 4945 formas
2045 4868 2278 4971 potius
2332 4891 2544 4967 quam
2593 4891 2702 4944 res
2745 4864 2930 4966 ipsas
2979 4862 3256 4941 mutari.
3354 4862 3566 4939 Deni-
