4934 6184
1149 678 1276 742 296
2154 669 2446 736 Onno
2524 667 3181 738 LECTIONUM.

1152 885 1221 957 S.
1299 883 1538 958 Susau
1559 937 1580 967 ,
1655 877 2076 954 Litterarum
2141 877 2649 952 Hodiernarum
2712 863 2993 968 lector,
3062 879 3405 953 Athenaei
3458 877 3744 966 civium,

1248 1001 1372 1100 qui
1427 999 1726 1074 Litteras
1789 997 2235 1074 Germanicas
2259 1055 2278 1085 ‚
2354 996 2685 1097 Anglicas
2704 1056 2725 1086 ,
2783 997 3081 1074 Italicas·
3118 1007 3190 1072 et
3252 997 3551 1074 Gallicas
3620 997 3755 1071 sibi

1245 1119 1428 1194 tradi
1483 1117 1800 1217 cupient,
1869 1114 2210 1194 desiderio
2266 1116 2517 1192 lubens
2580 1116 2969 1193 satisfaciet.
3070 1119 3261 1195 Idem
3318 1141 3477 1192 cum
3548 1116 3746 1192 audi-

1201 1239 1510 1314 ·toribus
1576 1236 1664 1311 de
1725 1234 2083 1310 comoedia
2143 1236 2414 1336 anglica
2432 1295 2453 1325 ,
2531 1238 2646 1312 the
2706 1237 3013 1336 Pempest
3066 1241 3153 1335 of
3218 1237 3509 1314 Walliam
3573 1237 3748 1312 Sha-

1248 1361 1573 1457 keepeare
1615 1354 1940 1453 inscripta
1962 1413 1981 1442 ,
2026 1353 2120 1432 ad
2143 1356 2432 1432 ductum
2459 1355 2782 1431 editionis
2799 1414 2819 1445 ,
2860 1381 3070 1455 quam
3112 1357 3405 1445 curavit,
3438 1355 3749 1430 disseret.

1152 1835 1566 1935 Disciplinae
1619 1829 2147 1908 mathematicae
2211 1839 2282 1905 et
2344 1833 2668 1932 physicae
2688 1891 2708 1921 ,
2775 1832 3041 1908 litterae
3100 1835 3423 1934 Belgicae
3482 1841 3555 1907 et
3610 1833 3749 1908 his-

1250 1955 1427 2031 toria
1459 2035 1468 2044 .
1497 1953 1758 2054 patriae
1778 2011 1798 2041 ,
1876 1975 2256 2052 omnesque
2319 1949 2670 2030 doctrinae
2692 2011 2713 2043 ‚
2792 1978 2972 2053 quae
3042 1955 3343 2030 alumnis
3411 1952 3755 2028 Athenaei

1251 2076 1532 2174 linguae
1591 2073 1882 2148 Latinae
1932 2095 2070 2147 non
2127 2071 2366 2171 peritis
2409 2073 2617 2148 utiles
2664 2098 2814 2150 esse
2859 2082 3154 2174 possunt
3176 2134 3195 2165 ‚
3262 2087 3575 2150 sermone
3622 2079 3759 2146 tra-

1253 2197 1519 2270 duntur
1569 2193 1948 2267 vernaculo

1157 2669 1590 2744 Bibliotheca
1651 2671 1995 2746 Athenaei
2061 2672 2435 2770 unicuique
2488 2671 2755 2770 patebit
2798 2672 2911 2746 die
2958 2671 3319 2759 Mercurii,
3366 2671 3551 2746 horis
3602 2729 3616 2744 .
3673 2727 3689 2745 .
3743 2726 3760 2743 .
3952 2671 4193 2742 1-1V.

1253 2797 1326 2862 et
1376 2787 1702 2881 Saturni,
1767 2789 1952 2864 horis
2005 2845 3759 2868 .........................
3916 2787 4197 2862 ΧΙ-ΙΙ,

1254 2908 1582 2984 feriarum
1645 2915 1884 2982 autem
1943 2919 2255 3009 tempore
2305 2911 2416 2986 die
2480 2911 2801 3000 Saturni,
2863 2911 3051 2986 horis
3104 2963 3771 2985 ..........
3922 2907 4196 2980 II—IV.

1155 3025 1684 3104 Laboratorium
1751 3027 2140 3108 chemicum
2209 3039 2280 3105 et
2351 3053 2673 3106 museum
2734 3031 3101 3130 physicum
3170 3029 3417 3128 inspici
3478 3034 3769 3127 possunt

1256 3145 1566 3246 quotidie
1582 3202 1602 3233 ,
1655 3147 1957 3246 exceptis
2005 3150 2190 3224 horis
2240 3149 2499 3248 quibus
2548 3149 2934 3226 habeantur
2994 3149 3339 3226 lectiones.
