4934 6184
1360 633 1446 700 56
2526 583 3183 708 xtarmus

1095 896 1102 902 -
1241 940 1246 944 -
1360 847 1572 940 atque
1631 838 1980 940 magistris
1998 897 2020 928 ,
2085 845 2430 940 quotquot
2479 840 2570 916 ad
2622 867 2815 942 spem
2868 839 3173 916 muneris
3230 837 3417 914 Sacri
3466 834 3822 934 adspirant
3840 894 3861 924 ,
3911 857 4129 935 quam
4173 835 4389 936 pluri·

1359 985 1562 1036 mum
1609 959 1891 1034 omnino
1933 959 2238 1034 interest.
2345 956 2648 1052 nQuales'
2691 962 2879 1037 enim
2896 963 2965 1050 ,”
3004 961 3104 1036 ita
3140 956 3482 1059 praeclare
3524 955 3906 1032 PARAvms
3927 1015 3947 1046 ,
3996 955 4393 1058 Theologus

1361 1080 1852 1179 Groninganus
1875 1137 1895 1168 ,
1969 1079 2250 1178 aquales
2308 1081 2595 1156 reddere
2662 1080 3037 1181 discipulos
3096 1077 3413 1153 volumus
3431 1134 3453 1165 ,
3516 1076 3691 1150 tales
3752 1100 4031 1152 necesse
4095 1084 4241 1164 est,
4306 1083 4387 1153 ut

1324 1270 1331 1277 .
1366 1201 1630 1276 usimus
1697 1199 1868 1299 ipsi,
1935 1199 2077 1274 veri
2136 1224 2367 1275 amore
2412 1200 2733 1276 ardentes
2757 1259 2777 1290 ,
2828 1201 2997 1274 boni
3054 1197 3413 1296 sanctique
3465 1203 3778 1272 amantes
3796 1253 3817 1286 ,
3867 1219 4023 1270 vere
4075 1194 4387 1270 liberales

1365 1320 1824 1420 ningenioque
1884 1327 1954 1392 et
2017 1318 2250 1394 animo
2302 1326 2444 1394 toto
2498 1319 2590 1394 ad
2640 1320 2874 1395 divina
2926 1318 3249 1394 intenti.”
3348 1317 3500 1391 Nec
3548 1323 3784 1391 tamen
3832 1316 4059 1390 omnis
4108 1339 4387 1416 prorsus

1359 1465 1400 1514 a
1473 1440 1837 1516 doctorum
1907 1439 2252 1540 probitate
2319 1446 2390 1514 et
2464 1439 2809 1516 industria
2874 1438 3133 1539 pendet
3208 1436 3575 1513 institutio.
3678 1435 3783 1510 Hi
3839 1435 4051 1511 duces
4110 1435 4383 1510 tantum

1355 1559 1944 1634 commilitonibus
2015 1567 2353 1658 praeeunt
2421 1560 2743 1659 viamque
2814 1559 3129 1660 exemplo
3194 1563 3581 1634 monstrant
3638 1562 3745 1645 et,
3822 1563 3903 1632 ut
3970 1563 4345 1655 sequantur
4363 1615 4385 1644 ,

1359 1679 1675 1778 gnaviter
1713 1704 1830 1752 eos
1876 1679 2349 1755 adhortantur.
2451 1680 2601 1779 Ipsi
2642 1704 2803 1754 vero
2847 1679 3347 1755 commilitones
3388 1701 3461 1752 se
3506 1675 3593 1750 iis
3632 1673 4049 1750 erudiendos
4084 1682 4155 1748 et
4192 1674 4387 1748 insti-

1358 1799 1656 1874 tuendos
1703 1799 2128 1875 confidenter
2174 1801 2452 1876 tradant
2496 1808 2705 1900 atque
2740 1825 2971 1876 amore
3011 1823 3175 1874 cum
3216 1798 3303 1872 iis
3340 1797 3723 1896 iungantur
3760 1819 3919 1869 vere
3958 1793 4349 1869 Christiano
4366 1853 4387 1884 ,

1361 1919 1500 1994 dici
1571 1918 1684 1994 vix
1751 1926 2018 2019 potest,
2091 1944 2304 2018 quam
2371 1945 2651 1996 necesse
2714 1921 2824 1996 sit.
2926 1921 3083 1994 Imo
3140 1943 3301 1994 vero
3362 1942 3437 1992 se
3494 1916 3675 2017 ipsi,
3734 1915 4137 1990 moderante
4198 1915 4349 1990 Deo
4367 1973 4387 2002 ,

1359 2040 1732 2114 instituant
1759 2045 2256 2137 exerceantque
2287 2039 2558 2139 sibique
2588 2047 2839 2114 mutuo
2857 2099 2877 2130 ,
2922 2045 3263 2138 quantum
3293 2036 3602 2136 possint,
3646 2035 4076 2136 opitulentur
4094 2042 4387 2134 oportet.

1362 2161 1734 2233 Summum
1798 2158 1932 2231 sibi
1978 2158 2154 2233 vitae
2199 2159 2564 2233 consilium
2616 2160 2847 2235 animo
2890 2164 3277 2260 proponant
3324 2155 3656 2255 quotidie.
3758 2154 4191 2230 Continuam
4232 2178 4391 2230 cum

1359 2281 1514 2352 Deo
1577 2277 1881 2352 habeant
1937 2278 2264 2377 alantque
2328 2279 2839 2354 commercium.
2954 2279 3070 2352 Ad
3116 2302 3279 2353 eum
3324 2274 3693 2352 colendum
3740 2274 4061 2375 precibus
4078 2334 4099 2364 ,
4152 2275 4391 2348 Sacrae

1362 2398 1756 2496 Scripturae
1809 2422 1943 2471 usu
1962 2456 1982 2485 ,
2049 2397 2572 2497 frequentandis
2620 2399 2967 2474 Ecclesiae
3017 2398 3242 2474 Sacris
3260 2455 3281 2486 ,
3346 2396 3659 2472 animum
3712 2402 4163 2492 mentemque
4210 2417 4391 2469 com·

1307 2507 1316 2514 ’
1359 2525 1644 2616 ponant.
1763 2517 2102 2591 Alacriter
2169 2518 2242 2591 in
2321 2519 2551 2594 studia
2617 2519 3023 2595 incumbant
3095 2517 3493 2592 domestica.
3620 2515 3886 2592 Crebra
3951 2513 4353 2614 repetitione
4372 2572 4391 2600 ,

1365 2662 1544 2736 quae
1587 2643 1877 2710 mater
1925 2637 2446 2713 studiorum
2498 2640 2721 2714 vocari
2764 2639 2971 2728 solet,
3024 2639 3227 2714 docta
3277 2637 3599 2711 recolant.
3690 2619 3996 2735 ⁴Saepius
4042 2634 4215 2726 vires
4258 2633 4396 2732 ipsi

1367 2781 1528 2830 suas
1578 2756 1761 2831 inter
1809 2781 1882 2830 se
1935 2756 2426 2856 periclitentur.
2527 2759 2615 2833 In
2660 2758 3031 2847 sodalitiis,
3084 2781 3264 2856 quae
3311 2762 3676 2845 vocantur,
3725 2755 4061 2831 amicitias
4104 2753 4398 2852 iungant

1366 2882 1438 2948 et
1481 2875 1868 2950 studiorum
1921 2877 2407 2952 communione
2453 2877 2545 2952 ad
2592 2887 2913 2954 mutuam
2961 2876 3339 2952 evehantur
3387 2875 3775 2950 animorum
3824 2872 4393 2950 coniunctionem.

1367 2996 1434 3068 A
1493 2996 1682 3094 turpi
1726 2991 2043 3094 pigritia',
2110 3022 2153 3070 a
2207 2996 2457 3070 stolida
2506 2997 2808 3072 vanitate
2828 3055 2848 3086 ,
2896 2997 2985 3071 ab
3030 2997 3561 3094 intemperantia
3612 3019 4025 3093 morumque
4076 2995 4397 3093 deprava·

1369 3114 1556 3190 tione
1600 3115 1950 3188 immunes
1987 3139 2059 3188 se
2103 3122 2374 3189 servent
2418 3123 2629 3214 atque
2671 3116 3057 3191 iunioribus
3098 3116 3399 3192 seniores
3433 3116 3816 3191 consulant.
3918 3117 4027 3189 De
4068 3112 4399 3189 castitatis

1371 3239 1444 3306 et
1508 3233 1784 3306 virtutis
1845 3257 2001 3307 vere
2068 3233 2503 3310 Christianae
2556 3235 2862 3334 praemio
2922 3235 3103 3310 inter
3172 3261 3246 3310 se
3300 3244 3693 3312 concertent
3744 3235 4071 3335 omnique
4123 3234 4200 3307 id
4240 3257 4399 3306 cura

1375 3359 1625 3451 agant,
1697 3362 1777 3426 ut
1833 3353 2011 3426 bene
2081 3354 2343 3452 peracti
2400 3355 2722 3429 curriculi
2776 3355 3175 3431 Academici
3226 3380 3593 3455 nunquam
3640 3381 3757 3430 eos
3804 3353 4188 3456 poeniteat,
4238 3351 4399 3426 dicti

1373 3472 1562 3546 illius
1630 3472 1958 3571 praeclari
2034 3496 2411 3547 memores:
2510 3475 2899 3565 notatio,
2974 3476 3507 3565 meditatio,
3576 3476 3981 3552 tentatio
4044 3474 4399 3550 faciunt

1381 3592 1548 3666 »Th
1565 3592 1761 3692 eolo
1777 3592 2054 3690 gum.”
2181 3593 2419 3692 Atque
2482 3594 2652 3669 haec
2718 3596 3000 3693 quidem
3066 3595 3231 3670 talia
3310 3603 3515 3686 sunt,
3602 3605 3685 3670 ut
3764 3583 4161 3694 ‘numquam
4234 3592 4395 3668 satis

1377 3711 1842 3786 studiosorum
1913 3710 2162 3786 animis
2235 3712 2671 3788 inculcentur
2688 3773 2713 3806 ,1
2768 3714 3081 3814 inprimis
3146 3715 3672 3816 Theologorum.
3771 3717 3937 3816 Ipsa
4002 3738 4161 3790 vero
4179 3772 4199 3802 ,
4256 3711 4396 3788 ani·

1379 3831 1787 3927 madvertite
1809 3891 1830 3922 ,
1879 3832 2296 3906 Auditores·l
2347 3833 2438 3908 ad
2484 3834 2771 3910 colenda
2824 3835 2991 3910 haec
3037 3835 3270 3910 omnia
3317 3859 3529 3934 quam
3578 3833 3840 3935 optime
3892 3835 3983 3909 sit
4026 3831 4403 3934 composita

1381 3952 1794 4047 Academica
1831 3952 1991 4026 vita.
2092 3951 2332 4026 Habet
2375 3976 2539 4027 sane
2558 4011 2579 4044 ,
2631 3979 2769 4028 non
2810 3979 2992 4054 nego
3032 3954 3355 4054 equidem
3376 4013 3397 4045 ,
3446 3955 3750 4054 pericula
3778 3979 3904 4029 sua
3940 3951 4401 4054 peccandique

1345 4069 1773 4159 ·illecebras;
1846 4071 1969 4144 sed
2032 4070 2198 4145 haec
2265 4072 2440 4146 mihi
2509 4074 2711 4149 unice
2769 4099 2925 4150 vera
2974 4083 3081 4149 est
3124 4073 3342 4150 animi
3383 4075 3801 4164 constantia,
3862 4099 4041 4172 quae
4090 4071 4407 4173 periculis

1385 4188 1778 4289 exploretur
1838 4197 1908 4263 et
1973 4190 2064 4264 ad
2105 4215 2386 4266 omnem
2431 4195 2642 4269 surda
2688 4203 2794 4268 est
2839 4194 3161 4270 Sirenum
3204 4203 3483 4268 cantum
3504 4252 3524 4283 ,
3572 4219 3782 4293 prava
3828 4193 4245 4268 iubentium.
4313 4192 4407 4266 Et

1383 4301 1688 4409 praestat
1755 4308 2038 4384 omnino
2102 4309 2322 4409 ipsius
2391 4312 2571 4386 vitae
2636 4335 2773 4388 usu
2792 4371 2812 4402 ,
2877 4321 3251 4412 antequam
3298 4314 3371 4387 in
3421 4313 3647 4390 lucem
3703 4312 4076 4414 prodeant,
4138 4311 4403 4386 futuros

1387 4429 1685 4506 exerceri
1755 4429 2119 4504 Sacrorum
2185 4429 2535 4506 antistites
2554 4492 2574 4523 ,
2648 4458 2859 4532 quam
2918 4434 3397 4510 inexercitatos
3453 4442 3692 4533 postea
3744 4433 4039 4534 turpiter
4098 4432 4239 4508 labi
4286 4438 4407 4506 aut

1390 4548 1772 4626 deflectere.
1867 4549 1964 4622 Et
2035 4573 2161 4624 sua
2223 4574 2503 4652 quoque
2569 4552 2753 4628 bona
2804 4561 2877 4628 et
2924 4555 3293 4630 commoda
3320 4537 3557 4630 'habet
3602 4553 3745 4630 vita
3792 4553 3911 4630 illa
3960 4554 4409 4639 Academica,

1388 4669 1588 4742 cuius
1657 4669 2060 4745 meminisse
2115 4671 2308 4746 iuvat
2359 4674 2799 4772 provectioris
2844 4673 3090 4750 aetatis
3140 4673 3322 4750 viros·
3362 4697 3811 4774 quoscunque
3853 4671 4409 4773 spectatissimos.

1391 4788 1501 4862 En
1543 4788 1979 4866 lectissimam
2019 4790 2346 4868 iuvenum
2388 4817 2709 4892 coronam
2726 4853 2747 4886 ,
2798 4793 3111 4872 moribus
3128 4851 3149 4888 ,
3198 4794 3509 4873 doctrina
3526 4851 3547 4888 ,
3596 4792 3878 4872 oonsilio
3919 4817 4131 4894 prope
4160 4815 4417 4891 aequa-
