4934 6184
1801 683 2356 754 ORATIO.
3560 687 3599 753 9

565 894 888 994 equidem
908 951 927 982 ‚
978 893 1260 994 perinde
1309 919 1388 968 ac
1431 893 1744 992 quotidie
1763 951 1784 980 ‚
1833 893 2180 968 auditores
2223 917 2414 967 meos
2451 893 2828 967 edocerem.
2912 892 3267 968 Malebam
3302 893 3598 988 ‘comiter

565 1024 640 1089 et
694 1015 1004 1090 modeste
1056 1015 1411 1090 vobiscum
1461 1039 1664 1114 agere
1716 1014 1802 1088 de
1855 1013 1984 1088 hac
2025 1015 2226 1088 illave
2251 1039 2344 1087 re
2364 1074 2383 1103 ,
2451 1039 2631 1112 quae
2678 1012 3003 1088 omnibus
3055 1013 3341 1111 perinde
3401 1021 3599 1113 grata

396 1179 426 1190 »
567 1142 638 1208 et
702 1145 982 1232 accepta
1048 1142 1268 1224 esset,
1343 1135 1568 1234 specie
1636 1142 1912 1209 tantum
1980 1135 2374 1234 argumenti
2442 1133 2757 1234 quaesita
2774 1191 2795 1220 ,
2876 1157 3015 1231 quo
3084 1133 3306 1232 magis
3369 1143 3598 1208 certus

569 1253 843 1329 dicendi
887 1256 1058 1331 ordo
1106 1263 1507 1330 servaretur.

662 1374 902 1448 'I'alem
942 1384 1176 1450 autem
1231 1381 1674 1473 quaerentem
1715 1399 1829 1448 me
1872 1374 2138 1449 adiuvit
2181 1376 2509 1448 Fortuna.
2629 1371 2856 1447 Incidi
2902 1373 3089 1447 enim
3135 1373 3209 1446 in
3256 1371 3594 1447 venustis-

567 1492 821 1568 simum
877 1495 1191 1569 libellum
1251 1494 1530 1592 Equitis
1583 1494 1800 1592 Angli
1847 1495 2254 1568 Gmmnmu
2298 1495 2634 1581 Tnurnu,
2684 1493 3153 1567 continentem
3210 1493 3594 1568 ‘'Observa-

565 1611 790 1687 tiones
855 1638 1064 1712 supra
1119 1613 1364 1710 Belgio
1429 1613 1808 1686 Foederato
1829 1614 1900 1698 ,”
1950 1613 2258 1709 primum
2315 1612 2578 1685 editum
2638 1611 2893 1685 saeculi
2944 1611 3161 1684 XVII
3214 1636 3397 1685 anno
3445 1636 3599 1712 sep-

567 1733 954 1830 tuagesimo
1010 1733 1346 1820 secund03
1417 1756 1628 1829 quem
1692 1739 1763 1805 et
1807 1731 1972 1806 olim
2019 1756 2182 1805 cum
2233 1755 2487 1829 magna
2524 1730 2741 1804 animi
2790 1730 3245 1804 oblectatione
3294 1731 3591 1829 legeram

569 1856 643 1924 et
685 1877 904 1949 nuper
942 1853 1197 1925 iterum
1245 1852 1506 1951 perlegi
1530 1851 1620 1943 ⁵).
1691 1851 1957 1924 Mirum
2003 1851 2188 1925 enim
2231 1851 2305 1924 in
2351 1849 2639 1924 modum
2689 1858 2928 1924 auctor
2974 1850 3243 1925 lectoris
3286 1851 3599 1925 animum

433 2075 443 2082 ·
572 1969 960 2046 demulcet:
1037 1970 1319 2045 Urbane
1371 1980 1441 2045 et
1485 1971 1850 2058 concinne,
1903 1971 2080 2068 stylo
2120 1970 2340 2058 facili,
2395 1969 2754 2068 diligenti,
2802 1969 3153 2042 interdum
3208 1978 3279 2044 et
3331 1970 3561 2069 amplo
3580 2030 3600 2060 ,

565 2114 675 2164 res
727 2115 888 2164 suas
931 2100 1244 2179 enarrat3
1295 2090 1594 2166 subinde
1639 2089 1940 2189 benigne
1977 2089 2521 2189 philosophatur.
2585 2089 2756 2162 Mox
2776 2147 2795 2176 ,
2839 2087 3092 2163 eximia
3130 2069 3604 2165 benevolentia

414 2274 435 2300 ,
569 2217 903 2284 nostrates
970 2211 1447 2309 persequitur,
1521 2211 1795 2308 qualem
1861 2235 2014 2283 raro
2081 2209 2389 2284 invenias
2449 2233 2661 2308 penes
2720 2215 2987 2282 exteros
3007 2266 3025 2295 ,
3094 2209 3217 2306 qui
3262 2209 3350 2283 de
3394 2209 3603 2284 rebus

569 2331 818 2405 nostris
893 2331 1188 2406 scribere
1249 2331 1648 2430 dignantur.
1767 2331 2137 2404 Caeterum
2206 2330 2468 2405 nemini
2550 2336 2867 2402 nostrum
2951 2329 3273 2427 ignotum
3292 2387 3313 2416 ,
3392 2354 3606 2427 quam

569 2459 880 2526 versatus
921 2451 994 2524 in
1035 2450 1330 2550 politicis
1353 2508 1372 2539 ,
1424 2476 1635 2549 quam
1679 2451 1887 2526 solers
1930 2451 2004 2524 in
2047 2475 2120 2524 re
2166 2449 2609 2549 diplomatica
2649 2448 2861 2522 fuerit
2898 2451 3296 2524 Tnmrmus.
3370 2449 3606 2524 Homo

574 2568 875 2668 denique
936 2571 1195 2669 probus
1253 2578 1324 2644 et
1378 2571 1665 2670 integer.
1766 2571 1945 2659 Hic,
1993 2595 2156 2645 cum
2205 2571 2298 2644 ad
2347 2569 2791 2649 scribendum
2838 2593 3000 2642 eum
3044 2569 3298 2644 librum
3322 2629 3342 2657 ,
3395 2593 3606 2669 quem

574 2687 722 2763 dixi
749 2749 768 2778 ,
821 2689 1134 2764 animum
1185 2691 1603 2789 appulisset,
1652 2690 2072 2790 id·suscepti
2114 2689 2374 2788 negotii
2421 2689 2852 2788 propositum
2897 2697 3083 2776 erat,
3135 2695 3220 2763 ut
3260 2690 3605 2790 populari-

576 2808 712 2881 bus
787 2810 931 2881 suis
999 2809 1377 2906 imaginem
1433 2811 1806 2884 delinearet
1848 2811 1997 2882 eius
2045 2809 2338 2882 civitatis
2359 2867 2378 2894 ,
2427 2833 2639 2905 quam
2689 2810 2865 2881 tanti
2914 2809 3205 2898 faceret,
3257 2830 3609 2908 quamque

571 2926 714 3002 fato
757 2927 1204 3026 insuperabili
1246 2928 1524 3003 iamiam
1566 2929 1990 3003 exstinctum
2035 2929 2122 3002 iri
2160 2935 2438 3027 putaret
2462 2929 2551 3019 ⁰).
2624 2927 2854 3026 Igitur
2872 2927 3170 3026 origines
3196 2938 3267 3001 et
3290 2929 3608 3004 historias

571 3047 798 3146 Belgii
861 3046 1226 3120 Foederati
1293 3047 1688 3146 descripsit,
1755 3055 1964 3145 atque
2023 3047 2157 3134 ita,
2229 3061 2306 3119 ut
2375 3069 2582 3120 nemo
2636 3045 2924 3132 clarius3
2994 3045 3384 3119 intricatam
3426 3047 3605 3144 regi·
3712 3121 3722 3127 ,

570 3165 778 3242 minis
841 3165 1136 3240 formam
1201 3167 1565 3265 explicuit,
1625 3162 1724 3240 ita
1746 3224 1766 3254 ,
1829 3174 1911 3239 ut
1972 3167 2082 3239 vel
2147 3166 2236 3239 de
2291 3164 2717 3239 nostratibus
2776 3164 2983 3263 pauci
3040 3164 3324 3264 perinde
3384 3164 3607 3242 facere

575 3285 987 3372 valuissent3
1059 3286 1360 3386 denique
1410 3285 1776 3385 regionum
1835 3285 2044 3360 situm
2069 3345 2089 3373 ,
2151 3293 2509 3374 naturam,
2578 3286 3127 3384 opportunitates
3146 3345 3166 3374 ,
3186 3286 3605 3362 ‘incolarum

571 3405 913 3493 indolem,
953 3405 1239 3500 studia,
1289 3417 1552 3494 mores,
1603 3405 2000 3508 ingenium,
2050 3405 2369 3481 habitum
2417 3405 2929 3480 accuratissime
2976 3405 3291 3504 depinxit
3318 3407 3404 3495 7).

667 3523 880 3598 Hunc
927 3524 1141 3624 igitur
1184 3525 1496 3602 libellum
1537 3526 1949 3624 perlustrare
1994 3525 2337 3624 hodieque
2387 3525 2765 3622 nobisque,
2816 3526 3026 3599 etiam
3076 3534 3233 3623 post
3279 3525 3421 3601 duo
3464 3526 3605 3602 fere

575 3645 881 3733 saecula,
948 3669 1110 3719 cum
1169 3645 1648 3720 oblectationis
1708 3654 1860 3719 tum
1930 3645 2248 3719 utilitatis
2301 3646 2569 3744 aliquid
2616 3645 2873 3720 afferet.
2974 3646 3366 3720 Audiemus
3410 3647 3604 3720 Tuu-

575 3787 802 3838 rnnm
862 3764 1376 3840 veracissimum
1434 3766 1764 3865 pristinae
1814 3765 2224 3839 conditionis
2274 3766 2536 3864 patriae
2581 3774 3041 3840 enarratorem
3064 3823 3083 3852 ,
3135 3765 3303 3863 quin
3351 3774 3421 3838 et
3468 3772 3601 3839 sta-

575 3883 832 3958 tistices
901 3884 1248 3960 doctorem
1314 3911 1454 3960 non
1526 3885 2011 3986 spernendum.
2111 3885 2358 3960 Dicam
2431 3885 2684 3984 igitur:
2755 3887 2839 3958 de
2898 3888 3273 3958 condicione
3320 3887 3608 3982 patriae

577 4012 845 4078 nostrae
902 4012 973 4078 et
1031 4008 1322 4080 moribus
1385 4007 1804 4080 Batavorum
1862 4007 2127 4080 saeculo
2170 4005 2385 4078 XVII
2410 4063 2428 4092 ,
2483 4009 2557 4078 in
2608 4006 3019 4078 Gonnum
3073 4006 3391 4079 TnuPnn
3435 4007 3609 4079 libro

586 4153 622 4192 n
640 4125 1240 4198 Observationum”
1309 4129 1582 4201 notatis.
1682 4125 2022 4200 Videlicet
2086 4150 2263 4224 quae
2324 4125 2440 4198 ille
2495 4125 2583 4198 de
2642 4125 2811 4223 ipsis
2863 4125 3125 4224 patriae
3174 4125 3336 4199 fatis
3381 4127 3608 4225 deque

579 4242 930 4342 regiminis
990 4244 1236 4334 forma„
1270 4246 1514 4335 refert,
1578 4246 2016 4333 omittemus,
2081 4269 2170 4318 ne
2235 4244 2326 4318 ad
2381 4243 2573 4319 aliud
2631 4270 2843 4343 quam
2884 4247 2971 4318 de
3016 4270 3157 4344 quo
3206 4271 3409 4345 agere
3453 4272 3607 4345 pro-

579 4363 884 4462 positum
967 4364 1058 4438 sit
1143 4364 1587 4442 abducamur.
1705 4366 1855 4439 Sed
1927 4389 2065 4439 non
2140 4389 2422 4464 possum
2492 4390 2633 4440 non
2702 4365 2997 4439 excitare
3070 4365 3257 4441 hunc
3328 4367 3611 4441 illumve

580 4483 808 4558 locum
828 4542 848 4571 ,
923 4508 1062 4581 quo
1122 4491 1357 4583 pateat
1417 4485 1853 4585 potissimum
1922 4510 2132 4583 quam
2206 4485 2486 4582 penitus
2552 4486 2669 4559 ille
2735 4485 3091 4559 historiam
3158 4485 3607 4583 Reipublicae

583 4603 884 4678 Batavae
961 4604 1373 4703 cognoverit.
1495 4606 1694 4680 'I'ales
1766 4605 1916 4680 volo
1935 4664 1954 4693 ,
2029 4605 2288 4704 quibus
2355 4612 2693 4680 memorat
2758 4605 2937 4678 viros
3006 4605 3079 4676 in
3150 4627 3231 4676 ea
3288 4603 3607 4703 inprimis

585 4723 1007 4823 conspicuos,
1108 4723 1370 4799 Audite
1390 4783 1410 4816 ,
1478 4750 1775 4824 quaeso,
1842 4749 2019 4824 quae
2085 4725 2438 4823 aptissime
2503 4726 2591 4799 de
2654 4725 3079 4798 Gurmnnuo
3152 4733 3387 4799 nostro
3455 4725 3603 4801 Pri·

585 4869 702 4918 mo
752 4845 921 4919 dicit
969 4845 1072 4936 ⁸)=
