4934 6184
1729 708 2285 776 ORATIO.
3428 703 3521 770 87

585 917 834 994 Dicam
882 916 1098 1017 igitur
1138 919 1224 994 de
1259 919 1468 1016 officio
1511 919 1688 992 imis
1730 920 2126 1016 intepretie
2161 925 2234 991 et
2267 916 2679 1015 legislatoris
2706 915 2783 988 in
2796 914 3049 1012 patria
3083 917 3316 984 nostra
3335 966 3356 998 ,
3390 909 3518 983 hac

495 1039 804 1114 Codicm
827 1045 1196 1113 nostrorum
1221 1039 1614 1113 conditione.
1713 1036 1894 1124 VoS,
1933 1036 2091 1112 AA.
2127 1035 2339 1110 HH.!
2381 1034 2679 1135 pergite,
2723 1037 2803 1106 ut
2838 1029 3191 1130 coepistis,
3231 1053 3345 1122 me
3364 1086 3383 1116 ,
3426 1027 3515 1102 de

481 1154 890 1256 gravissima
915 1156 1318 1257 quaestione
1355 1156 1652 1232 breviter
1677 1155 2022 1232 dicentem
2044 1209 2068 1250 ,
2105 1154 2348 1254 aequis
2379 1163 2450 1230 et
2478 1153 2763 1229 attentis
2790 1151 3041 1226 animis
3062 1149 3467 1224 auscultare.

585 1397 697 1472 Ex
741 1395 1030 1472 diversis
1072 1381 1404 1496 gentibus
1443 1397 1912 1497 stirpibusque
1930 1456 1952 1484 ,
1999 1396 2360 1497 paullatim
2409 1392 2819 1469 commercio
2869 1398 3080 1492 atque
3124 1387 3519 1464 foederibus

484 1514 667 1590 inter
729 1540 806 1592 se
863 1516 1120 1592 iunctis
1140 1575 1160 1606 ,
1201 1517 1430 1616 Belgii
1490 1516 1829 1592 foederati
1869 1518 2274 1592 coaluerunt
2333 1515 2627 1590 incolae:
2695 1535 2950 1611 magna
3004 1535 3165 1611 pars
3220 1509 3519 1584 Frisicae

487 1634 792 1711 nationis
810 1693 831 1724 ,
881 1635 1242 1711 meridiem
1281 1659 1517 1711 versus
1557 1635 1841 1726 Franci,
1889 1636 2222 1710 orientem
2269 1658 2506 1709 versus
2550 1634 2877 1708 Saxones.
2921 1675 3024 1692 -
3071 1630 3518 1715 Territorium

481 1754 562 1829 in
610 1754 928 1854 regiones
977 1755 1278 1830 diversas
1326 1755 1626 1830 divisum
1647 1813 1668 1845 ,
1717 1780 1894 1854 quae
1941 1755 2254 1854 singulae
2291 1754 2436 1828 suis
2475 1752 2811 1852 parebant
2852 1749 3282 1850 principibus
3300 1804 3321 1843 ‚
3374 1750 3521 1825 suis

481 1873 828 1950 institutis
858 1873 1309 1974 moribusque
1353 1874 1754 1951 utebantur.
1855 1875 1996 1950 Hic
2042 1875 2461 1974 agricultura
2504 1880 2713 1971 atque
2750 1870 3024 1978 venatio
3041 1927 3061 1958 ,
3086 1870 3227 1946 illic
3261 1893 3519 1945 merca-

485 2001 644 2068 tura
683 1998 894 2092 atque
931 1993 1279 2093 navigatio
1310 1995 1690 2093 plurimum
1733 1987 2022 2070 v'alebat.
2116 1995 2289 2068 Mox
2331 2017 2515 2067 unus
2550 2003 2761 2090 atque
2796 1991 2971 2066 alter
3000 1989 3319 2089 princeps
3357 2013 3522 2088 prae

479 2111 727 2188 ceteris
765 2093 1077 2188 eminens
1097 2169 1116 2201 ,
1158 2114 1266 2189 vel
1307 2115 1580 2190 Gelriae
1621 2114 1764 2188 dux
1783 2172 1802 2202 ,
1839 2115 1951 2189 vel
1969 2113 2400 2188 Hollandiae
2431 2113 2683 2186 Comes
2704 2167 2724 2199 ,
2756 2110 2899 2184 vim
2940 2117 3011 2184 et
3048 2110 3521 2184 efficacitatem

483 2233 561 2306 in
613 2231 870 2308 vicinas
919 2233 1232 2331 regiones
1283 2234 1684 2322 exserebat,
1731 2233 1952 2310 donec
1999 2235 2286 2309 tandem
2322 2233 2662 2308 Catienus
2700 2231 2805 2319 V,
2850 2229 3263 2304 Germaniae
3300 2229 3519 2328 impe·

485 2358 691 2439 rator,
759 2352 1068 2449 singulas
1135 2353 1211 2426 in
1272 2377 1488 2428 unam
1554 2353 1887 2428 ditionem
1954 2353 2154 2452 quasi
2201 2352 2547 2451 copulavit
2596 2349 2949 2450 regiones;
3016 2375 3156 2449 quo
3220 2349 3521 2439 factum,

483 2479 570 2544 ut
610 2471 752 2546 iam
791 2471 1017 2570 magis
1068 2472 1432 2606 magisque
1477 2474 1572 2548 ad
1621 2473 2160 2548 similitudinem
2188 2481 2398 2570 atque
2452 2471 2793 2544 unitatem
2842 2470 3195 2568 quandam
3245 2491 3525 2569 vergere

483 2589 820 2690 inciperet
866 2590 1038 2664 iuris
1081 2590 1300 2666 civilis
1344 2591 1418 2666 in
1461 2593 1684 2692 patria
1731 2600 1968 2668 nostra
2007 2591 2332 2668 conditi0.
2433 2591 2749 2679 Scilicet,
2798 2614 2885 2665 ex
2908 2591 3211 2688 ,qentium
3248 2589 3523 2688 legibus

481 2710 938 2821 moribusque
991 2711 1134 2786 iam
1185 2711 1507 2845 'ipsarum
1553 2738 1892 2812 myconum
1945 2711 2326 2812 descriptae
2391 2718 2589 2785 erant
2636 2709 2857 2808 Ιθςοες
2916 2709 3070 2784 iura
3130 2732 3258 2783 sua
3310 2716 3521 2808 atque

479 2829 846 2930 privilegia
889 2829 1084 2904 sibi
1063 2830 1358 2906 invicem
1402 2855 1543 2905 non
1587 2831 1949 2906 dissimilia
1998 2829 2449 2907 describenda
2500 2829 3071 2929 obsignandaque
3119 2837 3523 2904 curaverant

477 2947 748 3046 oppida
791 2957 1004 3047 atque
1037 2950 1602 3038 communitates;
1645 2959 2021 3026 accesserat
2060 2951 2199 3026 iam
2237 2950 2539 3025 Romani
2576 2949 2748 3023 iuris
2784 2949 3079 3049 insignis
3113 2949 3519 3038 auctoritas,

482 3088 718 3164 neque
759 3063 994 3140 deerat
1037 3067 1458 3142 efficacitas
1436 3068 1608 3143 iuris
1647 3068 2017 3166 pontificii3
2068 3069 2366 3168 denique
2407 3069 2799 3144 Concilium
2838 3069 3074 3145 aderat
3108 3069 3523 3144 Mechliniae

483 3205 928 3282 supremum,
953 3183 1142 3281 quod
1163 3184 1446 3284 legum’
1423 3185 1820 3285 lariumque
1849 3188 2342 3288 discrepantiae
2367 3189 2707 3263 medelam
2741 3187 3111 3263 allaturum
3152 3213 3301 3264 esse
3334 3189 3521 3264 vide·

483 3304 715 3378 batur.
814 3301 1274 3392 Meministis,
1338 3306 1494 3380 AA.
1513 3306 1532 3378 l
1599 3306 1945 3405 quomodo
1997 3307 2342 3382 Canonus
2387 3308 2455 3380 V
2502 3308 2631 3382 hac
2686 3316 3077 3406 temporum
3118 3310 3521 3408 opportuni-

487 3433 634 3499 tate
677 3422 784 3496 uti
826 3421 1211 3511 studuerit,
1255 3430 1340 3497 ut
1383 3424 1606 3524 leges,
1647 3426 1720 3500 in
1763 3427 2164 3526 regionibus
2199 3428 2956 3529 communitatibusque
2992 3429 3245 3532 nostris
3286 3429 3519 3528 vigen-

485 3551 596 3618 tes
615 3599 634 3630 ,
691 3541 1142 3617 recensendas
1194 3549 1265 3616 et
1312 3545 1712 3644 purgandas
1758 3555 2067 3637 curaret,
2118 3573 2258 3648 quo
2301 3574 2418 3624 eas
2463 3549 2537 3623 in
2585 3550 2986 3624 luculentam
3024 3553 3522 3624 consonantiam

489 3661 832 3761 redigeret
887 3669 1098 3760 atque
1149 3661 1332 3737 inter
1386 3688 1460 3739 se
1508 3664 1978 3762 conspirantes
2023 3667 2343 3740 efficeret.
2443 3665 2869 3740 Meministis
2914 3666 3084 3742 item
3106 3723 3127 3755 ,
3173 3666 3521 3765 quomodo

493 3782 663 3855 Dux
707 3781 1026 3856 Albanus
1043 3839 1064 3870 ,
1115 3783 1472 3858 Pmmrro
1533 3793 1866 3884 regnante
1885 3843 1906 3875 ,
1951 3785 2198 3860 eadem
2258 3786 2547 3884 vestigia
2586 3809 2895 3884 premere
2946 3785 3347 3872 tentaverit3
3396 3787 3519 3859 sed

495 3925 702 3976 nemo
743 3901 914 3976 item
953 3909 1262 3976 vestrum
1305 3903 1614 4002 ignorat,
1663 3905 2010 4003 quomodo
2044 3905 2214 3980 haec
2257 3905 2491 3979 omnia
2529 3911 2687 4002 post
2714 3903 3001 3980 fractam
3045 3904 3520 4002 Hispanorum

493 4019 1040 4097 dominationem
1085 4029 1358 4097 mutata
1395 4021 1676 4098 fuerint.
1791 4023 2064 4098 Scilicet
2106 4023 2534 4099 foederatum
2572 4022 2750 4099 illud
2788 4023 3113 4124 Belgium
3146 4032 3521 4124 postquam

495 4137 846 4236 religionis
887 4137 1276 4213 libertatem
1321 4139 1655 4239 adeptum
1693 4149 1834 4229 est,
1881 4165 2210 4240 generosa
2251 4142 2535 4241 quaevis
2576 4144 2771 4242 genti
2802 4145 3001 4244 quasi
3039 4144 3250 4220 insita
3286 4145 3520 4221 studia
3590 4237 3601 4247 ,

489 4257 842 4356 explicans
857 4316 878 4346 ,
943 4266 1400 4361 mercaturam
1463 4260 1752 4360 agitavit
1799 4270 2010 4360 atque
2071 4263 2342 4361 opificia
2361 4319 2380 4351 ,
2431 4271 2615 4338 artes
2658 4273 2869 4364 atque
2914 4265 3309 4366 disciplinas
3322 4298 3341 4353 ;
3394 4268 3517 4340 sed

491 4377 594 4450 ita
611 4434 632 4464 ,
701 4385 786 4452 ut
857 4377 1172 4477 singulae
1238 4379 1650 4478 provinciae·
1682 4406 1845 4458 suos
1897 4381 2129 4482 potius
2183 4407 2408 4460 mores
2429 4443 2448 4473 ,
2516 4409 2643 4460 sua
2684 4386 2837 4462 iura
2886 4409 3152 4484 suaque
3195 4384 3517 4458 instituta

489 4495 914 4585 excolerent,
979 4521 1190 4595 quam
1247 4499 1339 4574 ad
1403 4499 1662 4576 vicinae
1722 4495 2022 4601 regionis
2070 4501 2408 4578 rationem
2463 4527 2613 4579 sese
2664 4509 3189 4602 componerent3
3239 4499 3512 4576 foedere

487 4619 728 4688 autem
773 4637 848 4688 se
893 4615 1194 4690 maxime
1239 4617 1564 4694 adversus
1614 4619 1886 4695 hostem
1936 4623 2377 4694 communem
2423 4622 2697 4696 iunctas
2748 4621 3241 4696 existimarent.
3341 4618 3511 4694 Ver·

489 4731 703 4832 gebat
763 4733 864 4812 ita
927 4734 1068 4810 fere
1115 4735 1284 4811 iuris
1339 4739 1644 4814 conditio
1661 4797 1682 4827 ,
1739 4762 1964 4837 usque
2012 4738 2103 4813 ad
2152 4740 2442 4814 Canon
2488 4740 2555 4811 V
2597 4747 2907 4839 tempora
2926 4797 2946 4829 ,
2996 4741 3091 4815 ad
3138 4741 3511 4830 imitatem3

487 4851 667 4930 abiit
707 4853 784 4930 in
827 4853 1128 4934 diversas
1181 4857 1424 4959 utique
1469 4867 1700 4959 partes
1716 4917 1740 4950 ,
1785 4857 2201 4959 reipublicae
2241 4857 2629 4938 foederatae
2680 4859 3134 4962 temporibus.
3226 4927 3233 4942 .
3626 4859 3638 4862 ’
