4934 6184
1856 679 2411 750 ORATIO.
3531 685 3657 751 161

608 893 879 982 studet,
915 933 1014 950 —
1058 921 1095 962 ιι
1116 913 1321 967 nemo
1362 888 1668 990 effugere
1708 888 1925 964 valet:
1965 888 2230 966 factum
2272 889 2508 988 ipsum
2546 885 2966 961 dominatur.
3045 885 3233 961 Olim
3275 889 3656 966 sententiae

612 1013 896 1090 fuerunt
951 1011 1279 1097 audacter
1344 1010 1649 1112 prolatae
1672 1069 1693 1099 ‚
1758 1010 1937 1097 sine,
1954 1009 2551 1110 argumentatione
2562 1041 2582 1097 ;
2659 1005 2863 1080 hodie
2927 1007 3099 1081 istae
3139 1008 3663 1106 praedictiones

613 1159 687 1210 re
748 1136 901 1236 ipsa
964 1133 1420 1234 complentur.
1522 1131 1763 1208 Oculis
1819 1133 2075 1206 nostris
2118 1130 2467 1207 cernimus
2515 1121 2875 1202 veritatem
2914 1125 3118 1200 istius
3164 1127 3237 1199 in
3292 1129 3664 1203 Germania

614 1255 915 1332 maxime
973 1259 1119 1328 tam
1189 1250 1497 1328 abiectae
1562 1259 1633 1326 et
1699 1257 2087 1325 contemtae
2150 1244 2656 1349 philosophiae,
2729 1267 2907 1342 quae
2969 1269 3012 1318 a
3079 1245 3365 1320 materia
3408 1270 3662 1323 nomen

610 1373 883 1449 obtinet
904 1374 973 1446 1⁹³

502 1485 511 1493 ’
709 1492 973 1591 Opinio
1036 1490 1379 1566 eiusmodi
1396 1549 1417 1581 ,
1468 1515 1649 1591 quae
1709 1496 1981 1591 pugnat
2043 1513 2205 1564 eum
2273 1487 2394 1576 iis,
2472 1511 2650 1585 quae
2695 1510 2738 1559 a
2791 1485 3094 1560 maxima
3154 1485 3342 1560 orbis
3410 1486 3664 1562 eruditi

610 1619 807 1711 parte
857 1635 985 1711 pro
1038 1611 1213 1686 veris
1266 1610 1648 1700 habentur,
1713 1611 1875 1686 licet
1920 1610 1995 1684 in
2044 1608 2357 1684 medium
2402 1605 2786 1706 proferatur
2843 1631 2886 1680 a
2947 1613 3240 1681 naturae
3285 1615 3661 1682 scrutatore

610 1731 1016 1830 praestanti,
1092 1730 1258 1807 facit
1330 1741 1409 1805 ut
1486 1731 1915 1830 suspicemur
1979 1755 2017 1804 e
2087 1729 2297 1805 rebus
2368 1737 2440 1802 et
2508 1727 3002 1825 Phaenomenis
3018 1785 3038 1815 ,
3116 1727 3294 1802 bene
3372 1727 3660 1803 fortasse

610 1849 987 1925 observatis
1008 1909 1028 1940 ,
1081 1850 1380 1926 deducta
1432 1875 1583 1926 esse
1625 1851 1977 1926 corollaria
2018 1821 2211 1925 fassa.
2318 1846 2745 1947 Suspicionis
2794 1854 3032 1920 autem
3076 1845 3264 1921 illius
3305 1847 3663 1923 veritatem

612 1968 925 2058 docebit,
994 1977 1203 2070 put0,
1274 1971 1651 2070 exploratio
1720 1978 2287 2070 argumentorum
2305 2027 2327 2058 ,
2404 1967 2664 2066 quibus
2734 1966 2871 2040 ista
2924 1965 3358 2066 philosophia
3424 1991 3660 2068 super-

611 2088 921 2163 struitur.

704 2207 901 2282 Haec
946 2215 1181 2283 autem
1202 2267 1223 2298 ,
1292 2234 1515 2310 quum
1563 2235 1701 2287 non
1767 2209 2161 2310 systematis
2208 2207 2577 2285 cuiusdam
2627 2205 2850 2279 forma
2905 2206 3198 2306 proponi
3254 2207 3506 2297 soleat,
3573 2232 3663 2282 ne

609 2327 1017 2427 exspectetis
1066 2351 1181 2404 me
1252 2329 1341 2406 de
1416 2356 1499 2405 ea
1564 2340 1901 2430 tanquam
1967 2331 2056 2405 de
2102 2329 2467 2428 disciplina
2487 2387 2507 2418 ‚
2578 2325 2723 2401 suis
2775 2325 3037 2412 finibus
3103 2327 3318 2426 probe
3371 2329 3662 2402 circum-

610 2445 895 2545 scripta,
961 2445 1153 2546 loqui
1202 2448 1395 2523 velle.
1494 2448 1837 2524 Brevibus
1887 2446 2312 2546 quibusdam
2374 2445 2736 2520 sententiis
2799 2446 3109 2544 primum
3163 2470 3273 2520 res
3323 2448 3662 2545 quasdam

605 2565 949 2665 principes
1017 2566 1595 2666 comprehendere
1663 2566 1861 2642 lubet
1880 2624 1900 2655 ‚
1974 2589 2149 2663 quas
2168 2623 2189 2655 ,
2266 2589 2486 2664 quum
2557 2588 2832 2638 summa
2913 2562 3123 2638 huius
3191 2564 3662 2664 philosophiae

604 2682 858 2781 placita
911 2683 1242 2774 referant,
1292 2685 1384 2760 ad
1450 2683 2073 2784 argumentationis
2136 2685 2210 2758 in
2275 2683 2656 2788 disciplinis
2701 2683 3144 2760 naturalibus
3191 2683 3428 2758 solitae
3475 2685 3664 2782 leges

608 2809 943 2902 tanquam
992 2802 1083 2878 ad
1134 2803 1472 2878 amussim
1521 2804 1903 2902 exigemus.

711 2952 747 2992 ιι
768 2921 969 2996 Vires
1020 2929 1091 2996 et
1130 2923 1449 2998 materies
1468 2925 1537 3013 ,”
1588 2923 1953 3023 inquiunt,
2010 2953 2046 2994 ιι
2068 2949 2111 2999 a
2164 2948 2236 2999 se
2281 2924 2579 3000 invicem
2629 2923 2903 3024 seiungi
2947 2947 3088 2998 non
3150 2931 3485 3024 possunt3
3537 2907 3659 3022 ne-

608 3067 745 3142 que
804 3041 981 3116 vires
1048 3050 1213 3117 sunt
1270 3043 1419 3118 sine
1475 3043 1759 3118 materie
1779 3101 1799 3132 ,
1866 3068 2095 3144 neque
2152 3043 2474 3119 materies
2537 3052 2647 3118 est
2696 3043 2845 3117 sine
2901 3042 3203 3132 viribus;
3251 3045 3428 3119 vires
3487 3043 3664 3118 nihil
3716 3104 3736 3127 s

608 3169 774 3236 sunt
814 3167 1087 3262 praeter
1139 3163 1467 3238 materiae
1516 3163 1893 3263 quamdam
1935 3165 2445 3265 proprietatem.
2547 3164 2774 3263 Leges
2792 3222 2813 3252 ,
2865 3163 3255 3240 secundum
3305 3188 3484 3262 quas
3535 3189 3658 3264 na-

606 3290 765 3358 tura
802 3281 987 3382 agit,
1038 3307 1118 3358 ac
1158 3282 1478 3358 materies
1518 3291 1871 3374 movetur,
1916 3293 2293 3384 perpetuae
2340 3291 2542 3375 sunt,
2582 3309 2722 3359 non
2767 3284 3162 3360 mutabiles.
3265 3284 3662 3360 Necessitas

606 3403 818 3491 dura,
881 3401 1067 3477 flecti
1130 3403 1395 3496 nescia,
1454 3401 1783 3478 omnibus
1838 3403 2049 3480 rebus
2101 3403 2396 3504 imperat
2413 3438 2433 3494 ς
2481 3447 2583 3465 --
2625 3405 2834 3480 altius
2883 3404 3238 3503 quoddam
3291 3404 3662 3505 imperium

606 3522 680 3597 in
720 3522 1069 3599 mundum
1120 3522 1523 3598 universum
1571 3547 1713 3599 non
1763 3524 2040 3602 datur.'’
3707 3609 3710 3613 ,

708 3671 745 3712 ιι
766 3641 1099 3717 Materies
1142 3642 1560 3741 sempiterna
1596 3651 1703 3718 est
1737 3652 1808 3717 et
1838 3643 2247 3721 immortalis
2262 3678 2283 3733 ;
2320 3645 2526 3720 unica
2555 3669 2672 3720 res
2711 3671 2798 3719 ex
2843 3645 2963 3733 iis,
3007 3670 3188 3743 quae
3225 3645 3317 3720 ad
3354 3653 3660 3718 nostram

606 3761 925 3836 notitiam
974 3761 1426 3859 perveniunt,
1475 3787 1651 3860 quae
1692 3785 1833 3837 non
1884 3772 2139 3862 pereat.
2240 3765 2417 3838 Tota
2465 3773 2702 3838 nostra
2751 3765 2923 3850 vita,
2970 3764 3111 3838 vita
3151 3763 3470 3837 omnium
3513 3786 3658 3836 cor-

606 3903 857 3980 porum
905 3881 1383 3979 organicorum
1406 3938 1427 3970 ,
1493 3883 1719 3958 omnis
1772 3883 1913 3958 vita
1959 3883 2035 3958 in
2099 3883 2231 3958 hoc
2281 3889 2618 3958 terrarum
2679 3880 2846 3956 orbe
2898 3889 2970 3955 et
3019 3880 3288 3955 mundo
3341 3881 3660 3956 universo

612 3999 739 4075 hac
802 3998 1047 4074 nititur
1109 4001 1297 4100 lege:
1359 4002 1729 4080 materiem
1790 4026 2059 4104 semper
2118 4023 2397 4079 manere
2463 3999 2799 4091 eandem,
2867 4000 3160 4076 formam
3188 4041 3206 4044 -
3222 4009 3457 4076 tamen
3505 4000 3654 4076 eius

611 4124 948 4219 perpetuo
1004 4120 1331 4196 mutari.”
2070 4123 2075 4126 ’

717 4266 754 4307 ιι
780 4237 1017 4313 Homo
1068 4239 1355 4316 effectus
1400 4242 1685 4341 quidam
1728 4251 1837 4321 est
1889 4251 2258 4345 parentum
2276 4304 2297 4335 ,
2347 4246 2698 4322 nutricum
2720 4303 2740 4334 ‚
2786 4287 2874 4302 -
2924 4243 3252 4344 temporis
3275 4301 3295 4332 ,
3345 4242 3476 4317 loci
3495 4299 3516 4329 ,
3555 4283 3658 4300 —

614 4357 789 4433 aeris
805 4417 828 4446 ,
877 4357 1165 4460 eiusque
1216 4365 1647 4462 tempestatis
1665 4422 1686 4454 ,
1737 4409 1835 4422 —
1888 4367 2040 4442 soni
2078 4374 2150 4442 et
2195 4367 2369 4442 lueis
2386 4425 2405 4457 ,
2450 4409 2550 4426 -
2605 4363 2958 4454 alimenti,
3008 4361 3474 4438 vestimenti.”

726 4507 763 4548 ιι
780 4477 955 4553 Eius
1040 4479 1357 4555 voluntas
1439 4481 1725 4559 effectus
1820 4493 1929 4560 est
2008 4510 2375 4562 causarum
2457 4485 2750 4560 istarum
2840 4483 3152 4558 omnium
3172 4541 3191 4571 ‚
3273 4507 3319 4555 e
3400 4478 3658 4578 quibus

614 4607 847 4674 totum
926 4599 1313 4700 dependet3
1381 4601 1609 4678 vincta
1674 4611 1781 4678 est
1840 4607 1991 4705 lege
2050 4613 2337 4680 naturae
2408 4602 2709 4703 quadam
2725 4659 2747 4691 ,
2819 4625 3030 4701 quam
3080 4599 3520 4700 agnoscimus
3571 4623 3658 4675 ex

616 4719 765 4794 eius
850 4720 1345 4820 phaenomenis
1362 4779 1385 4813 ,
1474 4723 2063 4822 quemadmodum
2149 4725 2429 4825 planeta
2495 4722 2760 4798 orbitae
2830 4744 2997 4797 suae
3065 4719 3436 4798 adstrictus
3510 4729 3616 4795 est
3634 4776 3653 4808 ,

612 4840 851 4940 planta
898 4843 1119 4936 soloss',

3218 4966 3308 5038 21
