4934 6184
1827 637 2380 708 ORATIO.
3360 705 3369 713 .
3532 642 3613 710 15

586 847 814 925 curiae
874 854 1292 949 protractam
1365 871 1514 922 esse
1579 872 1801 946 usque
1861 849 1953 922 ad
2013 851 2224 922 finem
2293 847 2547 922 saeculi
2610 845 2867 934 XVII;
2918 845 3019 920 'ab
3074 847 3319 922 eodem
3376 855 3612 924 autem

585 979 893 1070 tempore
941 969 1342 1044 exoriuntur
1389 969 1705 1066 querelae
1754 969 1840 1043 de
1887 969 2162 1044 labente
2210 967 2420 1042 huius
2468 966 2865 1065 metropolis
2913 974 3295 1042 mercatura
3334 969 3459 1060 32).

680 1090 824 1164 Sed
882 1089 1046 1166 talia
1119 1090 1278 1188 quis
1341 1089 1654 1164 luxuriae
1721 1087 1954 1186 potius
2027 1112 2240 1187 quam
2310 1085 2703 1185 opulentiae
2768 1083 3163 1165 testimonia
3226 1085 3606 1185 perhibeat.

579 1208 811 1308 Igitur
845 1210 1081 1285 audite
1121 1211 1516 1285 'summum
1549 1216 1862 1282 nostrum
1896 1207 2392 1289 mirabundam
2437 1183 2935 1280 exclamantem
2960 1205 3087 1296 ³³),
3135 1205 3209 1280 in
3239 1206 3613 1282 Hollandia

581 1337 726 1404 tam
792 1331 1081 1406 uberam
1153 1355 1303 1404 esse
1385 1329 1673 1403 sortium
1741 1329 2010 1431 copiam
2031 1388 2052 1418 ‚
2126 1337 2207 1404 ut
2267 1327 2641 1416 fundorum
2708 1325 2974 1399 domini
3020 1327 3325 1400 contenti
3380 1337 3610 1402 essent

579 1449 856 1524 foenore
927 1450 1254 1525 binorum
1327 1449 1588 1524 assium
1656 1429 1732 1523 in
1791 1458 2115 1527 centenos
2135 1507 2155 1535 ‚
2231 1447 2399 1546 quin
2466 1447 2729 1520 nescire
2786 1446 3191 1552 pecuniosos
3254 1447 3568 1521 homines
3591 1507 3610 1536 ‚

579 1595 723 1667 quo
791 1570 1274 1670 compendiose
1331 1592 1656 1642 nummos
1712 1575 1998 1642 vertant.
2099 1570 2202 1640 Ita
2221 1624 2245 1654 ‚
2313 1574 2396 1640 ut
2447 1591 2586 1640 non
2640 1565 2748 1638 his
2796 1565 3029 1638 minus
3074 1565 3284 1662 quam
3331 1566 3465 1664 ipsi
3511 1568 3611 1640 rei

584 1691 906 1789 publicae
951 1691 1343 1764 consultum
1388 1687 1614 1760 visum
1657 1687 1786 1776 sit,
1836 1687 1958 1760 ubi
2001 1686 2282 1760 no'mina
2328 1684 2609 1784 publica
2652 1683 2931 1757 inventa
2972 1692 3155 1758 sunt.
3256 1685 3611 1760 Grandem

576 1811 719 1885 iam
799 1819 964 1882 tunc
1035 1807 1360 1906 temporis
1429 1805 1798 1904 pecuniam
1866 1805 2214 1880 debebant
2278 1804 2578 1877 Ordines
2632 1803 3002 1877 Generales
3020 1837 3039 1892 ;
3106 1805 3306 1878 cuius
3356 1829 3606 1880 usurae

576 1953 846 2004 annuae
907 1919 1391 2026 pendebantur
1452 1926 1782 2000 terdecies
1834 1925 2112 2000 millena
2169 1925 2468 2030 millium
2522 1923 2978 2011 florenorum;
3027 1924 3179 2023 ipsa
3234 1925 3609 2001 Hollandia

573 2048 924 2146 provincia
989 2049 1273 2147 insuper
1335 2054 1656 2122 mutuata
1717 2047 1942 2121 fuerat
2011 2045 2369 2144 sexaginta
2437 2044 2748 2142 quinque
2803 2044 3083 2117 millena
3131 2045 3466 2132 millium;
3518 2047 3605 2121 de
3702 2123 3711 2130 ,

575 2169 702 2244 hac
753 2175 988 2243 autem
1031 2175 1325 2242 testatur
1363 2173 1602 2242 auctor
1625 2167 1724 2259 ³⁴¹)
1749 2225 1768 2254 ‚
1819 2192 1973 2241 eam
2021 2190 2267 2240 usuras
2307 2165 2483 2240 adeo
2528 2163 2845 2262 religiose
2886 2164 3231 2238 exsolvere
3252 2223 3272 2253 ,
3322 2173 3403 2238 ut
3426 2190 3605 2240 nun-

573 2313 780 2386 quam
836 2287 945 2363 bis
987 2312 1102 2362 eas
1147 2295 1380 2386 petere
1418 2310 1696 2360 necesse
1740 2287 1868 2374 sit,
1919 2294 2206 2386 tamque
2233 2287 2437 2361 ,bona
2484 2285 2626 2360 frui
2670 2284 2808 2358 fide
2828 2342 2848 2372 ,
2900 2292 2981 2358 ut
3018 2293 3357 2382 quantum
3398 2311 3605 2385 pecu-

572 2409 727 2483 niae
782 2408 1064 2483 libuerit
1127 2431 1398 2482 sumere
1460 2407 1697 2506 possit.
1805 2407 1952 2485 Qui
1998 2407 2465 2481 admittuntur
2505 2415 2586 2480 ut
2626 2403 2763 2504 ipsi
2809 2429 3133 2478 nummos
3183 2430 3343 2479 suos
3383 2405 3609 2482 locent

570 2528 648 2602 id
719 2553 844 2626 pro
915 2521 1188 2627 ingenti
1251 2527 1475 2627 gratia
1532 2525 1936 2614 aestimant;
1988 2534 2060 2600 et
2105 2525 2655 2624 quotiescunque
2701 2548 2865 2623 pars
2912 2526 3113 2600 sortis
3158 2527 3562 2626 rependitur
3583 2589 3645 2622 ›.

571 2646 940 2723 creditores
988 2671 1142 2723 eam
1191 2648 1644 2746 lacrymantes
1687 2646 1996 2747 recipiun
2004 2654 2052 2722 t.

667 2769 803 2840 Per
858 2767 1070 2840 talem
1138 2766 1534 2840 divitiarum
1593 2767 1984 2864 congeriem
2047 2748 2256 2840 facile*
2312 2763 2711 2838 ferebantur
2770 2789 2982 2839 onera
3041 2766 3319 2863 publica
3337 2825 3358 2854 ,
3427 2792 3605 2866 quae

569 2909 1036 2983 nequaquam,
1084 2884 1271 2959 hunc
1338 2884 1678 2983 populum
1741 2909 2051 2982 premere
2115 2882 2529 2957 videbantur
2578 2884 2899 2981 quamvis
2941 2884 3229 2982 grandia
3282 2894 3353 2960 et
3391 2888 3606 2962 ferme

569 3002 1059 3104 insuperabilia
1097 3003 1258 3091 ⁸⁵).·
1324 3003 1509 3074 Nam
1530 3059 1550 3088 ,
1600 3011 1870 3100 praeter
1913 3003 2046 3076 alia
2063 3061 2082 3090 ‚
2133 3003 2434 3075 universi
2482 2999 2709 3099 Belgii
2750 3002 3117 3077 Foederati
3165 3029 3466 3101 expensa
3510 3009 3601 3084 ad

567 3126 724 3224 plus
771 3147 986 3222 quam
1035 3121 1272 3196 vicena
1315 3118 1533 3194 millia
1585 3121 1884 3196 millium
1925 3123 2342 3196 florenorum
2377 3121 2559 3194 elata
2604 3119 2880 3196 fuerant
2902 3122 3025 3213 ³⁰).
3131 3124 3271 3197 Sed
3325 3133 3395 3198 et
3447 3126 3600 3226 ipsa

568 3243 736 3318 haec
803 3267 1018 3341 opum
1085 3241 1394 3340 potentia
1465 3242 1542 3316 in
1606 3250 1935 3340 promptu
1999 3266 2270 3342 semper
2325 3250 2395 3315 et
2455 3241 2719 3338 ubique
2780 3249 2930 3316 erat
2995 3243 3085 3316 ad
3136 3243 3595 3322 sublevandas

569 3362 894 3462 egestatis
951 3387 1189 3451 curas;
1250 3361 1622 3436 liberalitas
1681 3362 1869 3437 enim
1935 3362 2043 3437 his
2107 3363 2348 3436 innata
2391 3360 2666 3434 videtur
2682 3421 2701 3450 ‚
2762 3387 2943 3460 quae
2992 3369 3225 3438 tamen
3275 3367 3603 3464 prudenti

568 3481 1034 3557 moderamine
1093 3489 1550 3582 temperatur,
1619 3507 1746 3558 nec
1812 3483 2070 3558 moveri
2130 3484 2303 3558 solet
2348 3480 2781 3558 miseriarum
2828 3482 3010 3556 tristi
3051 3484 3389 3582 adspectu
3406 3520 3423 3575 ;
3478 3487 3603 3561 sed

567 3601 869 3677 cernitur
911 3603 986 3677 in
1033 3599 1623 3679 subministranda
1669 3628 1800 3704 ope
1849 3604 2068 3680 cuivis
2109 3601 2491 3702 indigenti;
2543 3609 2615 3675 et
2658 3601 3000 3678 mirabilia
3052 3605 3277 3678 omnis
3326 3607 3598 3705 generis

568 3723 870 3824 hospitia
892 3783 912 3813 ,
962 3749 1142 3823 quae
1183 3723 1296 3798 hic
1341 3725 1842 3815 ostenduntur,
1891 3725 1966 3800 in
2022 3724 2497 3822 cuiuscunque
2544 3722 3045 3822 peregrinantis
3099 3749 3216 3800 ore
3262 3735 3427 3801 sunt
3470 3729 3593 3818 ³⁷).

663 4201 866 4276 Dicat
927 4201 1100 4277 forte
1161 4202 1446 4301 aliquis:
1497 4202 1670 4277 nihil
1687 4261 1708 4290 ‚
1757 4203 1982 4279 hercle
2005 4263 2026 4294 ,
2075 4204 2276 4280 affers
2321 4202 2521 4290 novi,
2570 4205 2830 4278 orator!
2900 4204 3051 4279 Nos
3099 4230 3377 4304 quoque
3428 4207 3589 4280 coli-

563 4347 720 4397 mus
773 4323 1124 4422 regionem
1143 4383 1162 4412 ,
1218 4324 1432 4398 invita
1470 4333 1719 4399 natura
1764 4326 2125 4400 hominum
2167 4350 2375 4425 opera
2420 4325 2974 4399 ornatissimam:
3028 4332 3101 4399 et
3139 4325 3346 4400 hodie
3381 4325 3591 4425 pollet

565 4441 941 4518 Hollandia
1003 4443 1366 4518 fertilibus·
1409 4446 1586 4520 arvis
1603 4505 1624 4534 ,
1693 4446 1902 4522 simul
1957 4457 2028 4521 et
2076 4448 2454 4523 incolarum
2499 4445 2885 4543 frequentia
2942 4454 3011 4520 et
3056 4471 3274 4545 paene
3328 4444 3583 4519 exube-

561 4563 822 4638 rantia:
875 4564 1003 4638 nec
1045 4562 1280 4638 minus
1324 4565 1571 4640 florent
1621 4567 2028 4670 commercia
2053 4627 2072 4656 ‚
2135 4577 2205 4642 et
2252 4575 2495 4667 portus
2547 4566 2927 4665 implentur
2979 4566 3311 4664 navigiis3
3363 4591 3591 4665 neque

561 4682 940 4756 octodecim
1002 4683 1272 4758 carinae
1323 4692 1446 4759 aut
1501 4685 1788 4782 viginti,
1855 4686 1978 4760 sed
2033 4694 2377 4761 trecentae
2435 4685 2807 4784 quotannis
2862 4685 3227 4760 advectant
3270 4688 3589 4767 odoratas

569 4803 798 4878 Indiae
843 4807 1138 4882 messes!
1189 4849 1292 4866 —-
1336 4805 1431 4880 Et
1477 4804 1682 4879 hodie
1730 4805 1976 4880 merito
2026 4805 2405 4882 celebratur
2444 4805 2799 4905 opulentia
2848 4806 3104 4882 civium
3123 4865 3142 4896 ‚
3192 4807 3291 4884 ita
3337 4817 3421 4884 ut
3463 4833 3590 4882 nos
