<?xml version="1.0" encoding="UTF-8"?>
<!DOCTYPE html PUBLIC "-//W3C//DTD XHTML 1.0 Transitional//EN"
    "http://www.w3.org/TR/xhtml1/DTD/xhtml1-transitional.dtd">
<html xmlns="http://www.w3.org/1999/xhtml" xml:lang="en" lang="en">
 <head>
  <title>
</title>
<meta http-equiv="Content-Type" content="text/html;charset=utf-8" />
  <meta name='ocr-system' content='tesseract 3.04.00' />
  <meta name='ocr-capabilities' content='ocr_page ocr_carea ocr_par ocr_line ocrx_word'/>
</head>
<body>
  <div class='ocr_page' id='page_1' title='image "annalesacademic37unkngoog_0267.png"; bbox 0 0 4934 6184; ppageno 0'>
   <div class='ocr_carea' id='block_1_1' title="bbox 1819 667 3620 739">
    <p class='ocr_par' dir='ltr' id='par_1_1' title="bbox 1819 667 3620 739">
     <span class='ocr_line' id='line_1_1' title="bbox 1819 667 3620 739; baseline -0.001 -2"><span class='ocrx_word' id='word_1_1' title='bbox 1819 669 2376 739; x_wconf 82' lang='lat' dir='ltr'><strong>ORATIO.</strong></span> <span class='ocrx_word' id='word_1_2' title='bbox 3490 667 3620 736; x_wconf 78' lang='lat'><strong>257</strong></span> 
     </span>
    </p>
   </div>
   <div class='ocr_carea' id='block_1_2' title="bbox 546 876 3629 3020">
    <p class='ocr_par' dir='ltr' id='par_1_2' title="bbox 570 876 3624 2185">
     <span class='ocr_line' id='line_1_2' title="bbox 580 876 3619 981; baseline -0.004 -16"><span class='ocrx_word' id='word_1_3' title='bbox 580 891 717 965; x_wconf 91' lang='lat' dir='ltr'><strong>lere</strong></span> <span class='ocrx_word' id='word_1_4' title='bbox 776 895 1009 965; x_wconf 86' lang='lat' dir='ltr'><strong>tamen</strong></span> <span class='ocrx_word' id='word_1_5' title='bbox 1058 887 1385 963; x_wconf 85' lang='lat' dir='ltr'><strong>videntur</strong></span> <span class='ocrx_word' id='word_1_6' title='bbox 1439 883 1631 958; x_wconf 88' lang='lat' dir='ltr'><strong>illam</strong></span> <span class='ocrx_word' id='word_1_7' title='bbox 1682 881 1771 956; x_wconf 89' lang='lat' dir='ltr'><strong>de</strong></span> <span class='ocrx_word' id='word_1_8' title='bbox 1822 907 1963 981; x_wconf 90' lang='lat' dir='ltr'><strong>qua</strong></span> <span class='ocrx_word' id='word_1_9' title='bbox 2006 879 2309 955; x_wconf 63' lang='lat' dir='ltr'><strong>vidimffl</strong></span> <span class='ocrx_word' id='word_1_10' title='bbox 2354 876 2672 953; x_wconf 90' lang='lat' dir='ltr'><strong>codicum</strong></span> <span class='ocrx_word' id='word_1_11' title='bbox 2721 883 3164 977; x_wconf 86' lang='lat' dir='ltr'><strong>patronorum</strong></span> <span class='ocrx_word' id='word_1_12' title='bbox 3217 876 3619 956; x_wconf 86' lang='lat' dir='ltr'><strong>sollicitudi-</strong></span> 
     </span>
     <span class='ocr_line' id='line_1_3' title="bbox 576 997 3624 1102; baseline -0.003 -17"><span class='ocrx_word' id='word_1_13' title='bbox 576 1035 735 1084; x_wconf 85' lang='lat' dir='ltr'><strong>nem</strong></span> <span class='ocrx_word' id='word_1_14' title='bbox 754 1068 775 1100; x_wconf 88' lang='lat'>,</span> <span class='ocrx_word' id='word_1_15' title='bbox 840 1035 929 1085; x_wconf 81' lang='lat' dir='ltr'><strong>ne</strong></span> <span class='ocrx_word' id='word_1_16' title='bbox 994 1007 1344 1083; x_wconf 85' lang='lat' dir='ltr'><strong>doctrinae</strong></span> <span class='ocrx_word' id='word_1_17' title='bbox 1401 1003 1683 1079; x_wconf 85' lang='lat' dir='ltr'><strong>libertas</strong></span> <span class='ocrx_word' id='word_1_18' title='bbox 1728 1002 1915 1102; x_wconf 84' lang='lat' dir='ltr'><strong>leges</strong></span> <span class='ocrx_word' id='word_1_19' title='bbox 1982 1001 2313 1075; x_wconf 87' lang='lat' dir='ltr'><strong>turbaret.</strong></span> <span class='ocrx_word' id='word_1_20' title='bbox 2412 1000 2508 1073; x_wconf 85' lang='lat' dir='ltr'><strong>Et</strong></span> <span class='ocrx_word' id='word_1_21' title='bbox 2552 1021 2752 1097; x_wconf 89' lang='lat' dir='ltr'><strong>porro</strong></span> <span class='ocrx_word' id='word_1_22' title='bbox 2775 1053 2796 1086; x_wconf 90' lang='lat'>‚</span> <span class='ocrx_word' id='word_1_23' title='bbox 2843 997 3018 1095; x_wconf 91' lang='lat' dir='ltr'><strong>quid</strong></span> <span class='ocrx_word' id='word_1_24' title='bbox 3065 998 3258 1073; x_wconf 89' lang='lat' dir='ltr'><strong>iuvat</strong></span> <span class='ocrx_word' id='word_1_25' title='bbox 3301 1023 3624 1096; x_wconf 84' lang='lat' dir='ltr'><strong>expressa</strong></span> 
     </span>
     <span class='ocr_line' id='line_1_4' title="bbox 576 1116 3620 1224; baseline -0.003 -21"><span class='ocrx_word' id='word_1_26' title='bbox 576 1129 661 1205; x_wconf 89' lang='lat' dir='ltr'><strong>de</strong></span> <span class='ocrx_word' id='word_1_27' title='bbox 712 1131 841 1205; x_wconf 91' lang='lat' dir='ltr'><strong>hoc</strong></span> <span class='ocrx_word' id='word_1_28' title='bbox 888 1130 1037 1203; x_wconf 91' lang='lat' dir='ltr'><strong>iure</strong></span> <span class='ocrx_word' id='word_1_29' title='bbox 1090 1124 1504 1201; x_wconf 87' lang='lat' dir='ltr'><strong>subsidiario</strong></span> <span class='ocrx_word' id='word_1_30' title='bbox 1564 1123 1817 1224; x_wconf 84' lang='lat' dir='ltr'><strong>placita</strong></span> <span class='ocrx_word' id='word_1_31' title='bbox 1865 1123 2019 1221; x_wconf 84' lang='lat' dir='ltr'><strong>lege</strong></span> <span class='ocrx_word' id='word_1_32' title='bbox 2064 1145 2215 1196; x_wconf 91' lang='lat' dir='ltr'><strong>esse</strong></span> <span class='ocrx_word' id='word_1_33' title='bbox 2264 1117 2577 1195; x_wconf 79' lang='lat' dir='ltr'><strong>sancita?</strong></span> <span class='ocrx_word' id='word_1_34' title='bbox 2693 1116 2837 1191; x_wconf 90' lang='lat' dir='ltr'><strong>Ubi</strong></span> <span class='ocrx_word' id='word_1_35' title='bbox 2893 1117 3064 1193; x_wconf 84' lang='lat' dir='ltr'><strong>certi</strong></span> <span class='ocrx_word' id='word_1_36' title='bbox 3121 1117 3406 1216; x_wconf 91' lang='lat' dir='ltr'><strong>quidam</strong></span> <span class='ocrx_word' id='word_1_37' title='bbox 3469 1127 3620 1194; x_wconf 86' lang='lat' dir='ltr'><strong>tan-</strong></span> 
     </span>
     <span class='ocr_line' id='line_1_5' title="bbox 572 1237 3620 1340; baseline -0.003 -15"><span class='ocrx_word' id='word_1_38' title='bbox 572 1248 939 1324; x_wconf 91' lang='lat' dir='ltr'><strong>tummodo</strong></span> <span class='ocrx_word' id='word_1_39' title='bbox 997 1248 1223 1322; x_wconf 88' lang='lat' dir='ltr'><strong>fontes</strong></span> <span class='ocrx_word' id='word_1_40' title='bbox 1273 1245 1667 1320; x_wconf 87' lang='lat' dir='ltr'><strong>indicantur</strong></span> <span class='ocrx_word' id='word_1_41' title='bbox 1718 1243 1835 1318; x_wconf 84' lang='lat' dir='ltr'><strong>vix</strong></span> <span class='ocrx_word' id='word_1_42' title='bbox 1898 1241 2033 1317; x_wconf 89' lang='lat' dir='ltr'><strong>erit</strong></span> <span class='ocrx_word' id='word_1_43' title='bbox 2089 1241 2259 1340; x_wconf 90' lang='lat' dir='ltr'><strong>quin</strong></span> <span class='ocrx_word' id='word_1_44' title='bbox 2307 1247 2610 1316; x_wconf 89' lang='lat' dir='ltr'><strong>caeteros</strong></span> <span class='ocrx_word' id='word_1_45' title='bbox 2656 1261 2936 1337; x_wconf 90' lang='lat' dir='ltr'><strong>prorsus</strong></span> <span class='ocrx_word' id='word_1_46' title='bbox 2989 1237 3360 1314; x_wconf 83' lang='lat' dir='ltr'><strong>exclusisse</strong></span> <span class='ocrx_word' id='word_1_47' title='bbox 3417 1240 3620 1339; x_wconf 83' lang='lat' dir='ltr'><strong>legis-</strong></span> 
     </span>
     <span class='ocr_line' id='line_1_6' title="bbox 575 1357 3620 1461; baseline -0.003 -18"><span class='ocrx_word' id='word_1_48' title='bbox 575 1369 754 1444; x_wconf 85' lang='lat' dir='ltr'><strong>lator</strong></span> <span class='ocrx_word' id='word_1_49' title='bbox 806 1368 897 1442; x_wconf 88' lang='lat' dir='ltr'><strong>sit</strong></span> <span class='ocrx_word' id='word_1_50' title='bbox 964 1365 1495 1454; x_wconf 84' lang='lat' dir='ltr'><strong>existimandus;</strong></span> <span class='ocrx_word' id='word_1_51' title='bbox 1554 1363 1663 1439; x_wconf 89' lang='lat' dir='ltr'><strong>sin</strong></span> <span class='ocrx_word' id='word_1_52' title='bbox 1722 1386 1881 1436; x_wconf 87' lang='lat' dir='ltr'><strong>vero</strong></span> <span class='ocrx_word' id='word_1_53' title='bbox 1945 1361 2350 1461; x_wconf 87' lang='lat' dir='ltr'><strong>generaliori</strong></span> <span class='ocrx_word' id='word_1_54' title='bbox 2396 1359 2630 1458; x_wconf 87' lang='lat' dir='ltr'><strong>aliquo</strong></span> <span class='ocrx_word' id='word_1_55' title='bbox 2685 1358 2965 1433; x_wconf 91' lang='lat' dir='ltr'><strong>nomine</strong></span> <span class='ocrx_word' id='word_1_56' title='bbox 3019 1383 3135 1434; x_wconf 89' lang='lat' dir='ltr'><strong>eos</strong></span> <span class='ocrx_word' id='word_1_57' title='bbox 3179 1357 3620 1455; x_wconf 83' lang='lat' dir='ltr'><strong>indicaverit,</strong></span> 
     </span>
     <span class='ocr_line' id='line_1_7' title="bbox 574 1479 3624 1585; baseline -0.001 -23"><span class='ocrx_word' id='word_1_58' title='bbox 574 1513 715 1562; x_wconf 91' lang='lat' dir='ltr'><strong>non</strong></span> <span class='ocrx_word' id='word_1_59' title='bbox 779 1488 1081 1562; x_wconf 92' lang='lat' dir='ltr'><strong>multum</strong></span> <span class='ocrx_word' id='word_1_60' title='bbox 1131 1485 1353 1561; x_wconf 88' lang='lat' dir='ltr'><strong>aberit</strong></span> <span class='ocrx_word' id='word_1_61' title='bbox 1410 1484 1579 1585; x_wconf 89' lang='lat' dir='ltr'><strong>quin</strong></span> <span class='ocrx_word' id='word_1_62' title='bbox 1627 1506 1819 1558; x_wconf 90' lang='lat' dir='ltr'><strong>mero</strong></span> <span class='ocrx_word' id='word_1_63' title='bbox 1878 1481 2129 1556; x_wconf 88' lang='lat' dir='ltr'><strong>iudicis</strong></span> <span class='ocrx_word' id='word_1_64' title='bbox 2172 1479 2455 1556; x_wconf 87' lang='lat' dir='ltr'><strong>arbitrio</strong></span> <span class='ocrx_word' id='word_1_65' title='bbox 2500 1505 2610 1554; x_wconf 90' lang='lat' dir='ltr'><strong>res</strong></span> <span class='ocrx_word' id='word_1_66' title='bbox 2653 1480 2892 1556; x_wconf 86' lang='lat' dir='ltr'><strong>relicta</strong></span> <span class='ocrx_word' id='word_1_67' title='bbox 2941 1480 3274 1558; x_wconf 86' lang='lat' dir='ltr'><strong>videatur.</strong></span> <span class='ocrx_word' id='word_1_68' title='bbox 3377 1483 3624 1560; x_wconf 86' lang='lat' dir='ltr'><strong>Quum</strong></span> 
     </span>
     <span class='ocr_line' id='line_1_8' title="bbox 576 1587 3622 1700; baseline -0.001 -17"><span class='ocrx_word' id='word_1_69' title='bbox 576 1615 807 1683; x_wconf 90' lang='lat' dir='ltr'><strong>autem</strong></span> <span class='ocrx_word' id='word_1_70' title='bbox 902 1593 1307 1681; x_wconf 90' lang='lat' dir='ltr'><strong>huiusmodi</strong></span> <span class='ocrx_word' id='word_1_71' title='bbox 1372 1604 1461 1680; x_wconf 93' lang='lat' dir='ltr'><strong>de</strong></span> <span class='ocrx_word' id='word_1_72' title='bbox 1534 1605 1684 1680; x_wconf 89' lang='lat' dir='ltr'><strong>iure</strong></span> <span class='ocrx_word' id='word_1_73' title='bbox 1753 1587 2165 1678; x_wconf 79' lang='lat' dir='ltr'><strong>subsidiario</strong></span> <span class='ocrx_word' id='word_1_74' title='bbox 2237 1601 2490 1700; x_wconf 86' lang='lat' dir='ltr'><strong>placita</strong></span> <span class='ocrx_word' id='word_1_75' title='bbox 2563 1624 2690 1674; x_wconf 89' lang='lat' dir='ltr'><strong>sua</strong></span> <span class='ocrx_word' id='word_1_76' title='bbox 2765 1607 3013 1676; x_wconf 87' lang='lat' dir='ltr'><strong>natura</strong></span> <span class='ocrx_word' id='word_1_77' title='bbox 3080 1601 3359 1676; x_wconf 90' lang='lat' dir='ltr'><strong>nonnisi</strong></span> <span class='ocrx_word' id='word_1_78' title='bbox 3431 1603 3622 1680; x_wconf 87' lang='lat' dir='ltr'><strong>nuda</strong></span> 
     </span>
     <span class='ocr_line' id='line_1_9' title="bbox 574 1718 3620 1825; baseline 0 -25"><span class='ocrx_word' id='word_1_79' title='bbox 574 1725 917 1825; x_wconf 79' lang='lat' dir='ltr'><strong>quaedam</strong></span> <span class='ocrx_word' id='word_1_80' title='bbox 968 1731 1335 1825; x_wconf 89' lang='lat' dir='ltr'><strong>praecepta</strong></span> <span class='ocrx_word' id='word_1_81' title='bbox 1382 1723 1493 1798; x_wconf 79' lang='lat' dir='ltr'><strong>vel</strong></span> <span class='ocrx_word' id='word_1_82' title='bbox 1540 1721 1948 1823; x_wconf 79' lang='lat' dir='ltr'><strong>legislatoris</strong></span> <span class='ocrx_word' id='word_1_83' title='bbox 2000 1719 2264 1796; x_wconf 86' lang='lat' dir='ltr'><strong>monita</strong></span> <span class='ocrx_word' id='word_1_84' title='bbox 2310 1718 2661 1794; x_wconf 89' lang='lat' dir='ltr'><strong>continere</strong></span> <span class='ocrx_word' id='word_1_85' title='bbox 2705 1721 3008 1819; x_wconf 88' lang='lat' dir='ltr'><strong>possint,</strong></span> <span class='ocrx_word' id='word_1_86' title='bbox 3057 1731 3442 1821; x_wconf 79' lang='lat' dir='ltr'><strong>opportune</strong></span> <span class='ocrx_word' id='word_1_87' title='bbox 3499 1725 3620 1800; x_wconf 90' lang='lat' dir='ltr'><strong>ad-</strong></span> 
     </span>
     <span class='ocr_line' id='line_1_10' title="bbox 573 1838 3622 1944; baseline -0.001 -22"><span class='ocrx_word' id='word_1_88' title='bbox 573 1842 861 1922; x_wconf 88' lang='lat' dir='ltr'><strong>modum</strong></span> <span class='ocrx_word' id='word_1_89' title='bbox 916 1844 991 1920; x_wconf 91' lang='lat' dir='ltr'><strong>in</strong></span> <span class='ocrx_word' id='word_1_90' title='bbox 1046 1845 1177 1920; x_wconf 92' lang='lat' dir='ltr'><strong>hoc</strong></span> <span class='ocrx_word' id='word_1_91' title='bbox 1228 1842 1579 1944; x_wconf 87' lang='lat' dir='ltr'><strong>legislator</strong></span> <span class='ocrx_word' id='word_1_92' title='bbox 1626 1839 2127 1940; x_wconf 85' lang='lat' dir='ltr'><strong>obtemperavit</strong></span> <span class='ocrx_word' id='word_1_93' title='bbox 2177 1838 2538 1914; x_wconf 87' lang='lat' dir='ltr'><strong>notissimo</strong></span> <span class='ocrx_word' id='word_1_94' title='bbox 2581 1841 3033 1941; x_wconf 91' lang='lat' dir='ltr'><strong>Napoleontis</strong></span> <span class='ocrx_word' id='word_1_95' title='bbox 3079 1842 3320 1916; x_wconf 86' lang='lat' dir='ltr'><strong>effato:</strong></span> <span class='ocrx_word' id='word_1_96' title='bbox 3391 1873 3426 1913; x_wconf 80' lang='lat' dir='ltr'><em>n</em></span> <span class='ocrx_word' id='word_1_97' title='bbox 3451 1844 3622 1920; x_wconf 90' lang='lat' dir='ltr'><strong>iuris</strong></span> 
     </span>
     <span class='ocr_line' id='line_1_11' title="bbox 574 1960 3624 2066; baseline -0.001 -25"><span class='ocrx_word' id='word_1_98' title='bbox 574 1966 1065 2066; x_wconf 87' lang='lat' dir='ltr'><strong>compendium</strong></span> <span class='ocrx_word' id='word_1_99' title='bbox 1114 1989 1254 2040; x_wconf 93' lang='lat' dir='ltr'><strong>non</strong></span> <span class='ocrx_word' id='word_1_100' title='bbox 1312 1988 1467 2040; x_wconf 86' lang='lat' dir='ltr'><strong>esse</strong></span> <span class='ocrx_word' id='word_1_101' title='bbox 1517 1961 1822 2041; x_wconf 82' lang='lat' dir='ltr'><strong>codicem</strong></span> <span class='ocrx_word' id='word_1_102' title='bbox 1846 2020 1867 2050; x_wconf 93' lang='lat'>,</span> <span class='ocrx_word' id='word_1_103' title='bbox 1911 1985 2141 2060; x_wconf 89' lang='lat' dir='ltr'><strong>neque</strong></span> <span class='ocrx_word' id='word_1_104' title='bbox 2188 1960 2498 2037; x_wconf 87' lang='lat' dir='ltr'><strong>codicem</strong></span> <span class='ocrx_word' id='word_1_105' title='bbox 2546 1960 2896 2037; x_wconf 88' lang='lat' dir='ltr'><strong>doctrinae</strong></span> <span class='ocrx_word' id='word_1_106' title='bbox 2939 1961 3426 2062; x_wconf 89' lang='lat' dir='ltr'><strong>compendium</strong></span> <span class='ocrx_word' id='word_1_107' title='bbox 3472 1989 3624 2040; x_wconf 89' lang='lat' dir='ltr'><strong>esse</strong></span> 
     </span>
     <span class='ocr_line' id='line_1_12' title="bbox 570 2087 954 2185; baseline 0 -24"><span class='ocrx_word' id='word_1_108' title='bbox 570 2087 954 2185; x_wconf 87' lang='lat' dir='ltr'><strong>oportere.&#39;&#39;</strong></span> 
     </span>
    </p>

    <p class='ocr_par' dir='ltr' id='par_1_3' title="bbox 546 2202 3629 3020">
     <span class='ocr_line' id='line_1_13' title="bbox 673 2202 3629 2303; baseline -0.001 -20"><span class='ocrx_word' id='word_1_109' title='bbox 673 2204 946 2284; x_wconf 88' lang='lat' dir='ltr'><strong>Quodsi</strong></span> <span class='ocrx_word' id='word_1_110' title='bbox 1008 2205 1167 2303; x_wconf 91' lang='lat' dir='ltr'><strong>quis</strong></span> <span class='ocrx_word' id='word_1_111' title='bbox 1228 2202 1509 2280; x_wconf 82' lang='lat' dir='ltr'><strong>obiiciat</strong></span> <span class='ocrx_word' id='word_1_112' title='bbox 1579 2203 2040 2303; x_wconf 79' lang='lat' dir='ltr'><strong>legislatorem</strong></span> <span class='ocrx_word' id='word_1_113' title='bbox 2106 2211 2339 2278; x_wconf 85' lang='lat' dir='ltr'><strong>tamen</strong></span> <span class='ocrx_word' id='word_1_114' title='bbox 2402 2203 2709 2302; x_wconf 86' lang='lat' dir='ltr'><strong>patrium</strong></span> <span class='ocrx_word' id='word_1_115' title='bbox 2763 2202 2956 2278; x_wconf 88' lang='lat' dir='ltr'><strong>illam</strong></span> <span class='ocrx_word' id='word_1_116' title='bbox 3012 2203 3184 2277; x_wconf 89' lang='lat' dir='ltr'><strong>iuris</strong></span> <span class='ocrx_word' id='word_1_117' title='bbox 3230 2203 3629 2280; x_wconf 87' lang='lat' dir='ltr'><strong>subsidiarii</strong></span> 
     </span>
     <span class='ocr_line' id='line_1_14' title="bbox 570 2322 3626 2421; baseline 0 -21"><span class='ocrx_word' id='word_1_118' title='bbox 570 2325 967 2400; x_wconf 89' lang='lat' dir='ltr'><strong>inveniendi</strong></span> <span class='ocrx_word' id='word_1_119' title='bbox 1013 2324 1405 2398; x_wconf 87' lang='lat' dir='ltr'><strong>libertatem</strong></span> <span class='ocrx_word' id='word_1_120' title='bbox 1456 2323 1893 2421; x_wconf 88' lang='lat' dir='ltr'><strong>aliquatenus</strong></span> <span class='ocrx_word' id='word_1_121' title='bbox 1938 2323 2374 2396; x_wconf 86' lang='lat' dir='ltr'><strong>restrinxisse</strong></span> <span class='ocrx_word' id='word_1_122' title='bbox 2426 2322 2827 2411; x_wconf 87' lang='lat' dir='ltr'><strong>statuendo,</strong></span> <span class='ocrx_word' id='word_1_123' title='bbox 2882 2323 3457 2398; x_wconf 89' lang='lat' dir='ltr'><strong>consuetudinem</strong></span> <span class='ocrx_word' id='word_1_124' title='bbox 3513 2325 3626 2400; x_wconf 90' lang='lat' dir='ltr'><strong>ius</strong></span> 
     </span>
     <span class='ocr_line' id='line_1_15' title="bbox 546 2435 3626 2538; baseline -0 -18"><span class='ocrx_word' id='word_1_125' title='bbox 546 2435 719 2520; x_wconf 63' lang='lat' dir='ltr'><strong>&#39;non</strong></span> <span class='ocrx_word' id='word_1_126' title='bbox 787 2443 1009 2518; x_wconf 77' lang='lat' dir='ltr'><strong>facere</strong></span> <span class='ocrx_word' id='word_1_127' title='bbox 1080 2441 1217 2515; x_wconf 89' lang='lat' dir='ltr'><strong>nisi</strong></span> <span class='ocrx_word' id='word_1_128' title='bbox 1282 2441 1393 2515; x_wconf 84' lang='lat' dir='ltr'><strong>lex</strong></span> <span class='ocrx_word' id='word_1_129' title='bbox 1460 2441 1715 2516; x_wconf 87' lang='lat' dir='ltr'><strong>diserte</strong></span> <span class='ocrx_word' id='word_1_130' title='bbox 1778 2465 1934 2515; x_wconf 89' lang='lat' dir='ltr'><strong>eam</strong></span> <span class='ocrx_word' id='word_1_131' title='bbox 1998 2440 2303 2528; x_wconf 87' lang='lat' dir='ltr'><strong>invocet,</strong></span> <span class='ocrx_word' id='word_1_132' title='bbox 2370 2438 2534 2514; x_wconf 90' lang='lat' dir='ltr'><strong>huic</strong></span> <span class='ocrx_word' id='word_1_133' title='bbox 2593 2439 2920 2538; x_wconf 90' lang='lat' dir='ltr'><strong>equidem</strong></span> <span class='ocrx_word' id='word_1_134' title='bbox 2975 2441 3356 2538; x_wconf 85' lang='lat' dir='ltr'><strong>respondeo</strong></span> <span class='ocrx_word' id='word_1_135' title='bbox 3373 2501 3395 2531; x_wconf 91' lang='lat'>‚</span> <span class='ocrx_word' id='word_1_136' title='bbox 3439 2444 3626 2519; x_wconf 89' lang='lat' dir='ltr'><strong>illius</strong></span> 
     </span>
     <span class='ocr_line' id='line_1_16' title="bbox 573 2559 3623 2663; baseline 0 -26"><span class='ocrx_word' id='word_1_137' title='bbox 573 2561 809 2662; x_wconf 84' lang='lat' dir='ltr'><strong>placiti</strong></span> <span class='ocrx_word' id='word_1_138' title='bbox 872 2586 1013 2636; x_wconf 92' lang='lat' dir='ltr'><strong>non</strong></span> <span class='ocrx_word' id='word_1_139' title='bbox 1064 2560 1251 2635; x_wconf 90' lang='lat' dir='ltr'><strong>hunc</strong></span> <span class='ocrx_word' id='word_1_140' title='bbox 1328 2583 1477 2634; x_wconf 90' lang='lat' dir='ltr'><strong>esse</strong></span> <span class='ocrx_word' id='word_1_141' title='bbox 1540 2583 1821 2634; x_wconf 87' lang='lat' dir='ltr'><strong>sensum</strong></span> <span class='ocrx_word' id='word_1_142' title='bbox 1842 2619 1863 2649; x_wconf 90' lang='lat'><em>,</em></span> <span class='ocrx_word' id='word_1_143' title='bbox 1920 2569 2001 2634; x_wconf 90' lang='lat' dir='ltr'><strong>ut</strong></span> <span class='ocrx_word' id='word_1_144' title='bbox 2064 2559 2425 2634; x_wconf 88' lang='lat' dir='ltr'><strong>deficiente</strong></span> <span class='ocrx_word' id='word_1_145' title='bbox 2482 2559 2636 2658; x_wconf 85' lang='lat' dir='ltr'><strong>lege</strong></span> <span class='ocrx_word' id='word_1_146' title='bbox 2690 2559 2782 2633; x_wconf 86' lang='lat' dir='ltr'><strong>ad</strong></span> <span class='ocrx_word' id='word_1_147' title='bbox 2829 2559 3405 2636; x_wconf 90' lang='lat' dir='ltr'><strong>consuetudinem</strong></span> <span class='ocrx_word' id='word_1_148' title='bbox 3469 2588 3623 2663; x_wconf 92' lang='lat' dir='ltr'><strong>pro-</strong></span> 
     </span>
     <span class='ocr_line' id='line_1_17' title="bbox 574 2677 3621 2779; baseline 0 -22"><span class='ocrx_word' id='word_1_149' title='bbox 574 2707 813 2759; x_wconf 86' lang='lat' dir='ltr'><strong>vocare</strong></span> <span class='ocrx_word' id='word_1_150' title='bbox 878 2680 1070 2758; x_wconf 91' lang='lat' dir='ltr'><strong>haud</strong></span> <span class='ocrx_word' id='word_1_151' title='bbox 1141 2680 1343 2756; x_wconf 87' lang='lat' dir='ltr'><strong>liceat</strong></span> <span class='ocrx_word' id='word_1_152' title='bbox 1363 2737 1383 2770; x_wconf 89' lang='lat'><em>,</em></span> <span class='ocrx_word' id='word_1_153' title='bbox 1462 2679 1587 2754; x_wconf 87' lang='lat' dir='ltr'><strong>sed</strong></span> <span class='ocrx_word' id='word_1_154' title='bbox 1663 2681 1898 2779; x_wconf 88' lang='lat' dir='ltr'><strong>potius</strong></span> <span class='ocrx_word' id='word_1_155' title='bbox 1952 2679 2524 2754; x_wconf 85' lang='lat' dir='ltr'><strong>consuetudinem</strong></span> <span class='ocrx_word' id='word_1_156' title='bbox 2582 2677 2720 2778; x_wconf 87' lang='lat' dir='ltr'><strong>legi</strong></span> <span class='ocrx_word' id='word_1_157' title='bbox 2763 2678 3197 2778; x_wconf 84' lang='lat' dir='ltr'><strong>abrogandae</strong></span> <span class='ocrx_word' id='word_1_158' title='bbox 3247 2705 3388 2756; x_wconf 90' lang='lat' dir='ltr'><strong>non</strong></span> <span class='ocrx_word' id='word_1_159' title='bbox 3435 2685 3621 2758; x_wconf 89' lang='lat' dir='ltr'><strong>suffi-</strong></span> 
     </span>
     <span class='ocr_line' id='line_1_18' title="bbox 572 2796 3621 2900; baseline 0.001 -24"><span class='ocrx_word' id='word_1_160' title='bbox 572 2825 725 2876; x_wconf 89' lang='lat' dir='ltr'><strong>cere</strong></span> <span class='ocrx_word' id='word_1_161' title='bbox 798 2824 1089 2899; x_wconf 86' lang='lat' dir='ltr'><strong>eamque</strong></span> <span class='ocrx_word' id='word_1_162' title='bbox 1154 2806 1311 2872; x_wconf 89' lang='lat' dir='ltr'><strong>tum</strong></span> <span class='ocrx_word' id='word_1_163' title='bbox 1374 2797 1663 2872; x_wconf 91' lang='lat' dir='ltr'><strong>demum</strong></span> <span class='ocrx_word' id='word_1_164' title='bbox 1732 2796 1847 2872; x_wconf 91' lang='lat' dir='ltr'><strong>ius</strong></span> <span class='ocrx_word' id='word_1_165' title='bbox 1910 2798 2327 2875; x_wconf 86' lang='lat' dir='ltr'><strong>constituere</strong></span> <span class='ocrx_word' id='word_1_166' title='bbox 2389 2797 2608 2875; x_wconf 89' lang='lat' dir='ltr'><strong>iudici</strong></span> <span class='ocrx_word' id='word_1_167' title='bbox 2664 2825 2790 2900; x_wconf 91' lang='lat' dir='ltr'><strong>pro</strong></span> <span class='ocrx_word' id='word_1_168' title='bbox 2855 2800 3008 2900; x_wconf 82' lang='lat' dir='ltr'><strong>lege</strong></span> <span class='ocrx_word' id='word_1_169' title='bbox 3073 2801 3580 2880; x_wconf 89' lang='lat' dir='ltr'><strong>observandum</strong></span> <span class='ocrx_word' id='word_1_170' title='bbox 3598 2864 3621 2897; x_wconf 87' lang='lat'><em>,</em></span> 
     </span>
     <span class='ocr_line' id='line_1_19' title="bbox 574 2897 1953 3020; baseline -0.002 -22"><span class='ocrx_word' id='word_1_171' title='bbox 574 2946 795 3020; x_wconf 88' lang='lat' dir='ltr'><strong>quum</strong></span> <span class='ocrx_word' id='word_1_172' title='bbox 844 2919 1193 3020; x_wconf 83' lang='lat' dir='ltr'><strong>legislator</strong></span> <span class='ocrx_word' id='word_1_173' title='bbox 1244 2917 1437 2994; x_wconf 88' lang='lat' dir='ltr'><strong>illam</strong></span> <span class='ocrx_word' id='word_1_174' title='bbox 1485 2919 1861 3018; x_wconf 85' lang='lat' dir='ltr'><strong>agnoverit.</strong></span> <span class='ocrx_word' id='word_1_175' title='bbox 1924 2897 1953 2923; x_wconf 37' lang='grc' dir='ltr'><em>Ι</em></span> 
     </span>
    </p>
   </div>
   <div class='ocr_carea' id='block_1_3' title="bbox 540 3160 3632 3626">
    <p class='ocr_par' dir='ltr' id='par_1_4' title="bbox 540 3160 3632 3626">
     <span class='ocr_line' id='line_1_20' title="bbox 674 3160 3623 3268; baseline 0.002 -28"><span class='ocrx_word' id='word_1_176' title='bbox 674 3163 1015 3241; x_wconf 84' lang='lat' dir='ltr'><strong>Quamvis</strong></span> <span class='ocrx_word' id='word_1_177' title='bbox 1078 3160 1539 3236; x_wconf 86' lang='lat' dir='ltr'><strong>necessarium</strong></span> <span class='ocrx_word' id='word_1_178' title='bbox 1602 3167 2145 3262; x_wconf 85' lang='lat' dir='ltr'><strong>exoptatumque</strong></span> <span class='ocrx_word' id='word_1_179' title='bbox 2192 3163 2453 3240; x_wconf 89' lang='lat' dir='ltr'><strong>codicis</strong></span> <span class='ocrx_word' id='word_1_180' title='bbox 2497 3162 2980 3264; x_wconf 89' lang='lat' dir='ltr'><strong>Napoleontici</strong></span> <span class='ocrx_word' id='word_1_181' title='bbox 3024 3165 3421 3242; x_wconf 88' lang='lat' dir='ltr'><strong>auctoribus</strong></span> <span class='ocrx_word' id='word_1_182' title='bbox 3469 3193 3623 3268; x_wconf 82' lang='lat' dir='ltr'><strong>ger·</strong></span> 
     </span>
     <span class='ocr_line' id='line_1_21' title="bbox 577 3278 3627 3383; baseline 0.002 -25"><span class='ocrx_word' id='word_1_183' title='bbox 577 3308 826 3360; x_wconf 85' lang='lat' dir='ltr'><strong>manae</strong></span> <span class='ocrx_word' id='word_1_184' title='bbox 874 3278 1227 3358; x_wconf 82' lang='lat' dir='ltr'><strong>doctrinae</strong></span> <span class='ocrx_word' id='word_1_185' title='bbox 1274 3282 1613 3358; x_wconf 87' lang='lat' dir='ltr'><strong>auxilium</strong></span> <span class='ocrx_word' id='word_1_186' title='bbox 1658 3282 1865 3358; x_wconf 83' lang='lat' dir='ltr'><strong>fuerit</strong></span> <span class='ocrx_word' id='word_1_187' title='bbox 1910 3283 2135 3358; x_wconf 86' lang='lat' dir='ltr'><strong>visum</strong></span> <span class='ocrx_word' id='word_1_188' title='bbox 2154 3341 2175 3372; x_wconf 92' lang='lat'>,</span> <span class='ocrx_word' id='word_1_189' title='bbox 2226 3283 2544 3383; x_wconf 85' lang='lat' dir='ltr'><strong>quamvis</strong></span> <span class='ocrx_word' id='word_1_190' title='bbox 2603 3284 2968 3383; x_wconf 86' lang='lat' dir='ltr'><strong>magnifice</strong></span> <span class='ocrx_word' id='word_1_191' title='bbox 3025 3285 3113 3360; x_wconf 89' lang='lat' dir='ltr'><strong>de</strong></span> <span class='ocrx_word' id='word_1_192' title='bbox 3169 3286 3358 3362; x_wconf 90' lang='lat' dir='ltr'><strong>illius</strong></span> <span class='ocrx_word' id='word_1_193' title='bbox 3404 3289 3472 3363; x_wconf 88' lang='lat' dir='ltr'><strong>vi</strong></span> <span class='ocrx_word' id='word_1_194' title='bbox 3523 3298 3627 3365; x_wconf 89' lang='lat' dir='ltr'><strong>at·-</strong></span> 
     </span>
     <span class='ocr_line' id='line_1_22' title="bbox 578 3391 3632 3504; baseline 0.003 -26"><span class='ocrx_word' id='word_1_195' title='bbox 578 3427 716 3504; x_wconf 80' lang='lat' dir='ltr'><strong>que</strong></span> <span class='ocrx_word' id='word_1_196' title='bbox 773 3403 1187 3480; x_wconf 88' lang='lat' dir='ltr'><strong>auctoritate</strong></span> <span class='ocrx_word' id='word_1_197' title='bbox 1240 3403 1635 3503; x_wconf 87' lang='lat' dir='ltr'><strong>expositum</strong></span> <span class='ocrx_word' id='word_1_198' title='bbox 1684 3403 1929 3494; x_wconf 88' lang='lat' dir='ltr'><strong>fuerit,</strong></span> <span class='ocrx_word' id='word_1_199' title='bbox 1978 3405 2284 3479; x_wconf 90' lang='lat' dir='ltr'><strong>multum</strong></span> <span class='ocrx_word' id='word_1_200' title='bbox 2330 3411 2564 3480; x_wconf 92' lang='lat' dir='ltr'><strong>tamen</strong></span> <span class='ocrx_word' id='word_1_201' title='bbox 2615 3403 2842 3480; x_wconf 88' lang='lat' dir='ltr'><strong>abfuit</strong></span> <span class='ocrx_word' id='word_1_202' title='bbox 2880 3412 2960 3480; x_wconf 88' lang='lat' dir='ltr'><strong>ut</strong></span> <span class='ocrx_word' id='word_1_203' title='bbox 3001 3407 3235 3482; x_wconf 87' lang='lat' dir='ltr'><strong>statim</strong></span> <span class='ocrx_word' id='word_1_204' title='bbox 3281 3391 3632 3486; x_wconf 69' lang='lat' dir='ltr'><strong>doctrinae</strong></span> 
     </span>
     <span class='ocr_line' id='line_1_23' title="bbox 540 3521 3406 3626; baseline 0.003 -31"><span class='ocrx_word' id='word_1_205' title='bbox 540 3529 545 3532; x_wconf 81' lang='grc'><strong>’</strong></span> <span class='ocrx_word' id='word_1_206' title='bbox 576 3522 691 3596; x_wconf 85' lang='lat' dir='ltr'><strong>ille</strong></span> <span class='ocrx_word' id='word_1_207' title='bbox 738 3521 1221 3621; x_wconf 82' lang='lat' dir='ltr'><strong>adsignaretur</strong></span> <span class='ocrx_word' id='word_1_208' title='bbox 1269 3521 1461 3596; x_wconf 90' lang='lat' dir='ltr'><strong>locus</strong></span> <span class='ocrx_word' id='word_1_209' title='bbox 1482 3578 1504 3609; x_wconf 90' lang='lat'><em>,</em></span> <span class='ocrx_word' id='word_1_210' title='bbox 1547 3545 1758 3620; x_wconf 91' lang='lat' dir='ltr'><strong>quem</strong></span> <span class='ocrx_word' id='word_1_211' title='bbox 1798 3547 1961 3597; x_wconf 89' lang='lat' dir='ltr'><strong>cum</strong></span> <span class='ocrx_word' id='word_1_212' title='bbox 2005 3523 2177 3597; x_wconf 90' lang='lat' dir='ltr'><strong>iuris</strong></span> <span class='ocrx_word' id='word_1_213' title='bbox 2221 3530 2375 3597; x_wconf 89' lang='lat' dir='ltr'><strong>tum</strong></span> <span class='ocrx_word' id='word_1_214' title='bbox 2416 3523 2734 3598; x_wconf 90' lang='lat' dir='ltr'><strong>codicum</strong></span> <span class='ocrx_word' id='word_1_215' title='bbox 2781 3525 2956 3600; x_wconf 86' lang='lat' dir='ltr'><strong>ratio</strong></span> <span class='ocrx_word' id='word_1_216' title='bbox 3004 3529 3406 3626; x_wconf 87' lang='lat' dir='ltr'><strong>postularet.</strong></span> 
     </span>
    </p>
   </div>
   <div class='ocr_carea' id='block_1_4' title="bbox 676 3641 3768 3738">
    <p class='ocr_par' dir='ltr' id='par_1_5' title="bbox 676 3641 3768 3738">
     <span class='ocr_line' id='line_1_24' title="bbox 676 3641 3768 3738; baseline 0.002 -19"><span class='ocrx_word' id='word_1_217' title='bbox 676 3641 1268 3737; x_wconf 86' lang='lat' dir='ltr'><strong>Quandoquidem</strong></span> <span class='ocrx_word' id='word_1_218' title='bbox 1314 3663 1533 3713; x_wconf 89' lang='lat' dir='ltr'><strong>novus</strong></span> <span class='ocrx_word' id='word_1_219' title='bbox 1576 3641 1694 3714; x_wconf 91' lang='lat' dir='ltr'><strong>ille</strong></span> <span class='ocrx_word' id='word_1_220' title='bbox 1739 3641 1957 3714; x_wconf 84' lang='lat' dir='ltr'><strong>codex</strong></span> <span class='ocrx_word' id='word_1_221' title='bbox 2000 3643 2413 3738; x_wconf 88' lang='lat' dir='ltr'><strong>praecipuus</strong></span> <span class='ocrx_word' id='word_1_222' title='bbox 2459 3643 2632 3716; x_wconf 92' lang='lat' dir='ltr'><strong>iuris</strong></span> <span class='ocrx_word' id='word_1_223' title='bbox 2673 3643 2892 3716; x_wconf 86' lang='lat' dir='ltr'><strong>civilis</strong></span> <span class='ocrx_word' id='word_1_224' title='bbox 2935 3644 3072 3718; x_wconf 86' lang='lat' dir='ltr'><strong>fuit</strong></span> <span class='ocrx_word' id='word_1_225' title='bbox 3113 3646 3267 3719; x_wconf 83' lang='lat' dir='ltr'><strong>fons</strong></span> <span class='ocrx_word' id='word_1_226' title='bbox 3287 3704 3310 3734; x_wconf 92' lang='lat'><em>,</em></span> <span class='ocrx_word' id='word_1_227' title='bbox 3367 3649 3626 3724; x_wconf 85' lang='lat' dir='ltr'><strong>mirum</strong></span> <span class='ocrx_word' id='word_1_228' title='bbox 3766 3663 3768 3665; x_wconf 74' lang='grc'><strong><em>’</em></strong></span> 
     </span>
    </p>
   </div>
   <div class='ocr_carea' id='block_1_5' title="bbox 581 3757 3631 4946">
    <p class='ocr_par' dir='ltr' id='par_1_6' title="bbox 581 3757 3631 4100">
     <span class='ocr_line' id='line_1_25' title="bbox 581 3757 3630 3857; baseline 0.002 -23"><span class='ocrx_word' id='word_1_229' title='bbox 581 3783 745 3835; x_wconf 88' lang='lat' dir='ltr'><strong>sane</strong></span> <span class='ocrx_word' id='word_1_230' title='bbox 796 3757 988 3833; x_wconf 87' lang='lat' dir='ltr'><strong>haud</strong></span> <span class='ocrx_word' id='word_1_231' title='bbox 1032 3764 1137 3830; x_wconf 88' lang='lat' dir='ltr'><strong>est</strong></span> <span class='ocrx_word' id='word_1_232' title='bbox 1184 3757 1735 3846; x_wconf 85' lang='lat' dir='ltr'><strong>Iureconsultos‚</strong></span> <span class='ocrx_word' id='word_1_233' title='bbox 1789 3757 1898 3831; x_wconf 88' lang='lat' dir='ltr'><strong>vel</strong></span> <span class='ocrx_word' id='word_1_234' title='bbox 1941 3767 2221 3857; x_wconf 88' lang='lat' dir='ltr'><strong>propter</strong></span> <span class='ocrx_word' id='word_1_235' title='bbox 2272 3759 2488 3832; x_wconf 89' lang='lat' dir='ltr'><strong>solam</strong></span> <span class='ocrx_word' id='word_1_236' title='bbox 2537 3783 2789 3834; x_wconf 81' lang='lat' dir='ltr'><strong>novam</strong></span> <span class='ocrx_word' id='word_1_237' title='bbox 2843 3759 3014 3834; x_wconf 90' lang='lat' dir='ltr'><strong>iuris</strong></span> <span class='ocrx_word' id='word_1_238' title='bbox 3060 3761 3352 3837; x_wconf 85' lang='lat' dir='ltr'><strong>formam</strong></span> <span class='ocrx_word' id='word_1_239' title='bbox 3373 3823 3394 3854; x_wconf 87' lang='lat'><em>,</em></span> <span class='ocrx_word' id='word_1_240' title='bbox 3431 3765 3630 3842; x_wconf 87' lang='lat' dir='ltr'><strong>initio</strong></span> 
     </span>
     <span class='ocr_line' id='line_1_26' title="bbox 584 3875 3631 3979; baseline 0.003 -25"><span class='ocrx_word' id='word_1_241' title='bbox 584 3877 825 3954; x_wconf 87' lang='lat' dir='ltr'><strong>saltem</strong></span> <span class='ocrx_word' id='word_1_242' title='bbox 872 3876 964 3952; x_wconf 83' lang='lat' dir='ltr'><strong>ad</strong></span> <span class='ocrx_word' id='word_1_243' title='bbox 1008 3875 1440 3976; x_wconf 88' lang='lat' dir='ltr'><strong>exegeticum</strong></span> <span class='ocrx_word' id='word_1_244' title='bbox 1484 3875 1825 3978; x_wconf 86' lang='lat' dir='ltr'><strong>imprimis</strong></span> <span class='ocrx_word' id='word_1_245' title='bbox 1872 3876 2187 3952; x_wconf 90' lang='lat' dir='ltr'><strong>studium</strong></span> <span class='ocrx_word' id='word_1_246' title='bbox 2214 3875 2484 3952; x_wconf 89' lang='lat' dir='ltr'><strong>animos</strong></span> <span class='ocrx_word' id='word_1_247' title='bbox 2521 3877 2872 3977; x_wconf 88' lang='lat' dir='ltr'><strong>adpulisse</strong></span> <span class='ocrx_word' id='word_1_248' title='bbox 2892 3935 2913 3968; x_wconf 86' lang='lat'>,</span> <span class='ocrx_word' id='word_1_249' title='bbox 2954 3905 3095 3979; x_wconf 91' lang='lat' dir='ltr'><strong>quo</strong></span> <span class='ocrx_word' id='word_1_250' title='bbox 3137 3881 3342 3959; x_wconf 86' lang='lat' dir='ltr'><strong>citius</strong></span> <span class='ocrx_word' id='word_1_251' title='bbox 3383 3885 3631 3962; x_wconf 86' lang='lat' dir='ltr'><strong>melius</strong></span> 
     </span>
     <span class='ocr_line' id='line_1_27' title="bbox 584 3997 3240 4100; baseline 0.001 -24"><span class='ocrx_word' id='word_1_252' title='bbox 584 3999 859 4100; x_wconf 83' lang='lat' dir='ltr'><strong>singula</strong></span> <span class='ocrx_word' id='word_1_253' title='bbox 907 3997 1161 4074; x_wconf 90' lang='lat' dir='ltr'><strong>codicis</strong></span> <span class='ocrx_word' id='word_1_254' title='bbox 1214 3998 1465 4100; x_wconf 86' lang='lat' dir='ltr'><strong>placita</strong></span> <span class='ocrx_word' id='word_1_255' title='bbox 1512 3998 1605 4074; x_wconf 86' lang='lat' dir='ltr'><strong>ad</strong></span> <span class='ocrx_word' id='word_1_256' title='bbox 1650 3997 2092 4074; x_wconf 87' lang='lat' dir='ltr'><strong>necessitates</strong></span> <span class='ocrx_word' id='word_1_257' title='bbox 2142 3998 2321 4074; x_wconf 82' lang='lat' dir='ltr'><strong>vitae</strong></span> <span class='ocrx_word' id='word_1_258' title='bbox 2366 3998 2584 4074; x_wconf 89' lang='lat' dir='ltr'><strong>civilis</strong></span> <span class='ocrx_word' id='word_1_259' title='bbox 2625 4000 3240 4080; x_wconf 82' lang='lat' dir='ltr'><strong>accommodarent.</strong></span> 
     </span>
    </p>

    <p class='ocr_par' dir='ltr' id='par_1_7' title="bbox 584 4118 3629 4946">
     <span class='ocr_line' id='line_1_28' title="bbox 679 4118 3626 4227; baseline 0.003 -31"><span class='ocrx_word' id='word_1_260' title='bbox 679 4123 781 4196; x_wconf 86' lang='lat' dir='ltr'><strong>At</strong></span> <span class='ocrx_word' id='word_1_261' title='bbox 823 4145 981 4196; x_wconf 86' lang='lat' dir='ltr'><strong>vero</strong></span> <span class='ocrx_word' id='word_1_262' title='bbox 1018 4119 1253 4195; x_wconf 89' lang='lat' dir='ltr'><strong>codice</strong></span> <span class='ocrx_word' id='word_1_263' title='bbox 1299 4119 1693 4195; x_wconf 92' lang='lat' dir='ltr'><strong>introducto</strong></span> <span class='ocrx_word' id='word_1_264' title='bbox 1732 4118 2121 4194; x_wconf 86' lang='lat' dir='ltr'><strong>communis</strong></span> <span class='ocrx_word' id='word_1_265' title='bbox 2168 4118 2242 4194; x_wconf 91' lang='lat' dir='ltr'><strong>in</strong></span> <span class='ocrx_word' id='word_1_266' title='bbox 2288 4118 2516 4195; x_wconf 88' lang='lat' dir='ltr'><strong>Gallia</strong></span> <span class='ocrx_word' id='word_1_267' title='bbox 2556 4119 2861 4196; x_wconf 87' lang='lat' dir='ltr'><strong>obtinuit</strong></span> <span class='ocrx_word' id='word_1_268' title='bbox 2903 4145 3090 4198; x_wconf 89' lang='lat' dir='ltr'><strong>error</strong></span> <span class='ocrx_word' id='word_1_269' title='bbox 3123 4148 3168 4199; x_wconf 86' lang='lat' dir='ltr'><strong>a</strong></span> <span class='ocrx_word' id='word_1_270' title='bbox 3207 4123 3379 4202; x_wconf 85' lang='lat' dir='ltr'><strong>falsa</strong></span> <span class='ocrx_word' id='word_1_271' title='bbox 3411 4152 3626 4227; x_wconf 85' lang='lat' dir='ltr'><strong>quam</strong></span> 
     </span>
     <span class='ocr_line' id='line_1_29' title="bbox 585 4238 3626 4340; baseline 0.002 -24"><span class='ocrx_word' id='word_1_272' title='bbox 585 4239 959 4316; x_wconf 86' lang='lat' dir='ltr'><strong>memoravi</strong></span> <span class='ocrx_word' id='word_1_273' title='bbox 998 4238 1315 4314; x_wconf 89' lang='lat' dir='ltr'><strong>codicum</strong></span> <span class='ocrx_word' id='word_1_274' title='bbox 1351 4249 1797 4338; x_wconf 85' lang='lat' dir='ltr'><strong>patronorum</strong></span> <span class='ocrx_word' id='word_1_275' title='bbox 1838 4239 2159 4340; x_wconf 89' lang='lat' dir='ltr'><strong>opinione</strong></span> <span class='ocrx_word' id='word_1_276' title='bbox 2203 4239 2395 4316; x_wconf 88' lang='lat' dir='ltr'><strong>haud</strong></span> <span class='ocrx_word' id='word_1_277' title='bbox 2432 4241 2700 4316; x_wconf 89' lang='lat' dir='ltr'><strong>alienus</strong></span> <span class='ocrx_word' id='word_1_278' title='bbox 2717 4300 2738 4332; x_wconf 87' lang='lat'><em>,</em></span> <span class='ocrx_word' id='word_1_279' title='bbox 2779 4242 3068 4319; x_wconf 88' lang='lat' dir='ltr'><strong>unicum</strong></span> <span class='ocrx_word' id='word_1_280' title='bbox 3108 4245 3415 4320; x_wconf 90' lang='lat' dir='ltr'><strong>codicem</strong></span> <span class='ocrx_word' id='word_1_281' title='bbox 3451 4247 3626 4323; x_wconf 90' lang='lat' dir='ltr'><strong>iuris</strong></span> 
     </span>
     <span class='ocr_line' id='line_1_30' title="bbox 584 4357 3628 4458; baseline 0.004 -24"><span class='ocrx_word' id='word_1_282' title='bbox 584 4384 736 4435; x_wconf 85' lang='lat' dir='ltr'><strong>esse</strong></span> <span class='ocrx_word' id='word_1_283' title='bbox 798 4359 1060 4434; x_wconf 86' lang='lat' dir='ltr'><strong>fontem</strong></span> <span class='ocrx_word' id='word_1_284' title='bbox 1114 4383 1533 4458; x_wconf 91' lang='lat' dir='ltr'><strong>omnemque</strong></span> <span class='ocrx_word' id='word_1_285' title='bbox 1590 4385 1731 4436; x_wconf 91' lang='lat' dir='ltr'><strong>uno</strong></span> <span class='ocrx_word' id='word_1_286' title='bbox 1792 4359 2027 4437; x_wconf 89' lang='lat' dir='ltr'><strong>codice</strong></span> <span class='ocrx_word' id='word_1_287' title='bbox 2073 4359 2411 4437; x_wconf 86' lang='lat' dir='ltr'><strong>contineri</strong></span> <span class='ocrx_word' id='word_1_288' title='bbox 2462 4357 2726 4438; x_wconf 86' lang='lat' dir='ltr'><strong>rectain</strong></span> <span class='ocrx_word' id='word_1_289' title='bbox 2772 4363 2944 4439; x_wconf 87' lang='lat' dir='ltr'><strong>iuris</strong></span> <span class='ocrx_word' id='word_1_290' title='bbox 2987 4364 3206 4439; x_wconf 88' lang='lat' dir='ltr'><strong>civilis</strong></span> <span class='ocrx_word' id='word_1_291' title='bbox 3245 4365 3628 4448; x_wconf 67' lang='lat' dir='ltr'><strong>scientiam·</strong></span> 
     </span>
     <span class='ocr_line' id='line_1_31' title="bbox 586 4477 3628 4577; baseline 0.002 -22"><span class='ocrx_word' id='word_1_292' title='bbox 586 4481 777 4556; x_wconf 87' lang='lat' dir='ltr'><strong>Hinc</strong></span> <span class='ocrx_word' id='word_1_293' title='bbox 834 4479 1087 4555; x_wconf 88' lang='lat' dir='ltr'><strong>codicis</strong></span> <span class='ocrx_word' id='word_1_294' title='bbox 1148 4477 1403 4577; x_wconf 86' lang='lat' dir='ltr'><strong>placita</strong></span> <span class='ocrx_word' id='word_1_295' title='bbox 1456 4485 1691 4554; x_wconf 89' lang='lat' dir='ltr'><strong>tenere</strong></span> <span class='ocrx_word' id='word_1_296' title='bbox 1752 4505 1909 4556; x_wconf 85' lang='lat' dir='ltr'><strong>vera</strong></span> <span class='ocrx_word' id='word_1_297' title='bbox 1974 4480 2261 4556; x_wconf 90' lang='lat' dir='ltr'><strong>demum</strong></span> <span class='ocrx_word' id='word_1_298' title='bbox 2322 4479 2688 4560; x_wconf 86' lang='lat' dir='ltr'><strong>videbatur</strong></span> <span class='ocrx_word' id='word_1_299' title='bbox 2749 4480 2922 4556; x_wconf 87' lang='lat' dir='ltr'><strong>iuris</strong></span> <span class='ocrx_word' id='word_1_300' title='bbox 2981 4505 3132 4557; x_wconf 65' lang='lat' dir='ltr'><strong>esse</strong></span> <span class='ocrx_word' id='word_1_301' title='bbox 3193 4482 3504 4560; x_wconf 85' lang='lat' dir='ltr'><strong>doctrina</strong></span> <span class='ocrx_word' id='word_1_302' title='bbox 3555 4493 3628 4562; x_wconf 92' lang='lat' dir='ltr'><strong>et</strong></span> 
     </span>
     <span class='ocr_line' id='line_1_32' title="bbox 587 4596 3625 4700; baseline 0.003 -25"><span class='ocrx_word' id='word_1_303' title='bbox 587 4601 735 4675; x_wconf 74' lang='lat' dir='ltr'><strong>sola</strong></span> <span class='ocrx_word' id='word_1_304' title='bbox 774 4596 1049 4696; x_wconf 85' lang='lat' dir='ltr'><strong>exegesi</strong></span> <span class='ocrx_word' id='word_1_305' title='bbox 1096 4597 1309 4672; x_wconf 89' lang='lat' dir='ltr'><strong>totius</strong></span> <span class='ocrx_word' id='word_1_306' title='bbox 1356 4597 1525 4674; x_wconf 87' lang='lat' dir='ltr'><strong>iuris</strong></span> <span class='ocrx_word' id='word_1_307' title='bbox 1569 4598 1789 4674; x_wconf 85' lang='lat' dir='ltr'><strong>civilis</strong></span> <span class='ocrx_word' id='word_1_308' title='bbox 1832 4599 2149 4674; x_wconf 84' lang='lat' dir='ltr'><strong>studium</strong></span> <span class='ocrx_word' id='word_1_309' title='bbox 2188 4599 2475 4675; x_wconf 86' lang='lat' dir='ltr'><strong>absolvi.</strong></span> <span class='ocrx_word' id='word_1_310' title='bbox 2574 4601 3087 4700; x_wconf 88' lang='lat' dir='ltr'><strong>Interpretandi</strong></span> <span class='ocrx_word' id='word_1_311' title='bbox 3127 4601 3420 4679; x_wconf 80' lang='lat' dir='ltr'><strong>facilitas</strong></span> <span class='ocrx_word' id='word_1_312' title='bbox 3461 4604 3625 4683; x_wconf 89' lang='lat' dir='ltr'><strong>huic</strong></span> 
     </span>
     <span class='ocr_line' id='line_1_33' title="bbox 592 4716 3629 4826; baseline 0.003 -32"><span class='ocrx_word' id='word_1_313' title='bbox 592 4719 737 4794; x_wconf 80' lang='lat' dir='ltr'><strong>viae</strong></span> <span class='ocrx_word' id='word_1_314' title='bbox 784 4742 865 4794; x_wconf 89' lang='lat' dir='ltr'><strong>ac</strong></span> <span class='ocrx_word' id='word_1_315' title='bbox 907 4716 1157 4794; x_wconf 87' lang='lat' dir='ltr'><strong>rationi</strong></span> <span class='ocrx_word' id='word_1_316' title='bbox 1206 4717 1585 4795; x_wconf 87' lang='lat' dir='ltr'><strong>multorum</strong></span> <span class='ocrx_word' id='word_1_317' title='bbox 1630 4720 1933 4797; x_wconf 87' lang='lat' dir='ltr'><strong>favorem</strong></span> <span class='ocrx_word' id='word_1_318' title='bbox 1980 4719 2353 4796; x_wconf 89' lang='lat' dir='ltr'><strong>concilians</strong></span> <span class='ocrx_word' id='word_1_319' title='bbox 2402 4745 2699 4796; x_wconf 87' lang='lat' dir='ltr'><strong>errorem</strong></span> <span class='ocrx_word' id='word_1_320' title='bbox 2761 4721 3244 4821; x_wconf 80' lang='lat' dir='ltr'><strong>propagavisse</strong></span> <span class='ocrx_word' id='word_1_321' title='bbox 3291 4747 3372 4800; x_wconf 87' lang='lat' dir='ltr'><strong>ac</strong></span> <span class='ocrx_word' id='word_1_322' title='bbox 3427 4729 3629 4826; x_wconf 84' lang='lat' dir='ltr'><strong>quasi</strong></span> 
     </span>
     <span class='ocr_line' id='line_1_34' title="bbox 588 4837 3628 4946; baseline 0.003 -30"><span class='ocrx_word' id='word_1_323' title='bbox 588 4837 1117 4917; x_wconf 80' lang='lat' dir='ltr'><strong>consolidavisse</strong></span> <span class='ocrx_word' id='word_1_324' title='bbox 1172 4838 1445 4918; x_wconf 85' lang='lat' dir='ltr'><strong>videtur</strong></span> <span class='ocrx_word' id='word_1_325' title='bbox 1460 4899 1483 4933; x_wconf 92' lang='lat'><em>,</em></span> <span class='ocrx_word' id='word_1_326' title='bbox 1544 4840 1801 4942; x_wconf 90' lang='lat' dir='ltr'><strong>quippe</strong></span> <span class='ocrx_word' id='word_1_327' title='bbox 1848 4863 2029 4940; x_wconf 80' lang='lat' dir='ltr'><strong>quae</strong></span> <span class='ocrx_word' id='word_1_328' title='bbox 2090 4840 2353 4940; x_wconf 84' lang='lat' dir='ltr'><strong>ingenii</strong></span> <span class='ocrx_word' id='word_1_329' title='bbox 2410 4865 2702 4920; x_wconf 84' lang='lat' dir='ltr'><strong>acumen</strong></span> <span class='ocrx_word' id='word_1_330' title='bbox 2746 4865 2828 4920; x_wconf 88' lang='lat' dir='ltr'><strong>ac</strong></span> <span class='ocrx_word' id='word_1_331' title='bbox 2885 4839 3257 4921; x_wconf 85' lang='lat' dir='ltr'><strong>sollertiam</strong></span> <span class='ocrx_word' id='word_1_332' title='bbox 3295 4869 3422 4946; x_wconf 89' lang='lat' dir='ltr'><strong>pro</strong></span> <span class='ocrx_word' id='word_1_333' title='bbox 3467 4846 3628 4926; x_wconf 86' lang='lat' dir='ltr'><strong>doc-</strong></span> 
     </span>
    </p>
   </div>
  </div>
 </body>
</html>
