4934 6184
1315 679 1446 748 260
2293 680 2487 748 vAN
2545 675 3007 748 BONEVAL
3066 679 3389 746 FAURE

1305 895 1532 968 ratam
1595 887 1710 962 vix
1776 909 2084 986 unquam
2145 885 2637 986 superandam·
2682 886 2873 963 illam
2944 886 3355 962 methodum
3374 942 3394 974 ‚
3466 909 3607 984 qua
3666 884 3971 960 Romani
4030 885 4355 964 Iurecon·

1309 1007 1476 1082 sulti
1537 1011 1898 1079 versantur
1957 1002 2030 1078 in
2093 1003 2242 1078 iure
2289 1004 2703 1104 explicando
2758 1008 2830 1080 et
2893 1006 3019 1080 ad'
3048 1006 3229 1081 vitae
3296 1005 3515 1082 civilis
3574 1006 3853 1106 negotia
3922 1005 4317 1083 adhibendo
4332 1067 4357 1096 ‚

1312 1149 1588 1200 summa
1634 1149 1764 1224 ope
1782 1183 1803 1213 ,
1860 1132 1975 1214 ut,
2024 1121 2366 1223 quantum
2431 1124 2581 1198 fieri
2630 1125 2883 1225 possit,
2936 1133 3244 1202 nostram
3306 1126 3507 1202 nobis
3564 1126 3899 1202 faciamus
3950 1127 4353 1203 enitendum

1310 1254 1436 1322 est.
1567 1245 1680 1320 Sic
1743 1253 2058 1320 nostrum
2137 1245 2338 1319 nobis
2413 1243 2525 1318 ius
2594 1243 2693 1318 ita
2764 1245 3071 1320 colemus
3148 1253 3233 1320 ut
3305 1244 3639 1322 uberrimi
3710 1245 3875 1322 inde
3942 1246 4211 1322 fruetus
4276 1248 4349 1322 in

1311 1365 1491 1441 vitae
1545 1389 1754 1440 usum
1807 1364 2232 1456 redundent,
2295 1389 2507 1464 quem
2560 1363 2906 1465 imprimis
2976 1365 3297 1465 respiciat
3356 1391 3636 1442 necesse
3676 1374 3787 1442 est
3844 1390 3997 1441 vere
4059 1367 4355 1466 practica

1307 1493 1543 1562 nostra
1589 1485 1970 1585 disciplina.

1407 1605 1761 1682 Historica
1825 1605 2042 1706 igitur
2109 1607 2443 1684 methodo
2490 1607 2579 1682 ad
2626 1605 2797 1682 iuris
2854 1606 3073 1682 civilis
3122 1605 3395 1682 codices
3438 1605 3751 1682 adhibita
3769 1664 3789 1694 ,
3838 1606 4025 1682 iusto
4065 1606 4353 1684 demum

1307 1727 1528 1828 pretio
1581 1725 1850 1802 codices
1901 1726 2430 1802 aestimantibus
2494 1751 2731 1801 eorum
2795 1726 3176 1804 commodis
3224 1727 3363 1801 frui
3404 1726 3845 1802 incommoda
3890 1727 4093 1802 nobis
4140 1729 4353 1806 vitare

1308 1845 1562 1923 licebit.
1661 1846 2030 1922 Latissime
2077 1855 2312 1922 autem
2362 1855 2598 1946 pateat
2647 1847 2819 1924 iuris
2862 1846 3079 1922 civilis
3133 1846 3351 1923 studii
3398 1847 3705 1922 ambitus
3722 1905 3743 1936 ,
3790 1846 4355 1951 indefessumque

1309 1993 1388 2043 ac
1431 1967 1842 2042 continuum
1885 1968 2192 2066 requirat
2237 1967 2576 2042 laborem:
2623 1968 2709 2042 de
2754 1976 3007 2043 eventu
3047 1975 3283 2043 tamen
3320 1990 3461 2043 non
3492 1973 3599 2044 est
3638 1967 3829 2065 quod
3870 1966 4315 2066 desperemus
4334 2028 4355 2058 ,

1309 2087 1518 2162 modo
1553 2086 2070 2189 perseveremus
2101 2089 2176 2163 in
2217 2087 2520 2187 agend0,
2558 2088 2939 2187 intimeque
2978 2087 3182 2163 nobis
3223 2111 3633 2187 persuasum
3670 2087 4048 2164 habeamus
4086 2091 4355 2188 regiam

1307 2231 1434 2281 nos
1497 2207 1696 2306 sequi
1755 2207 1937 2282 viam
1957 2265 1978 2296 ,
2043 2231 2183 2307 qua
2247 2207 2337 2283 ad
2403 2208 2686 2284 meliora
2731 2208 3294 2308 progrediamur,
3355 2208 3709 2285 neminem
3759 2231 3909 2284 vero
3952 2207 4236 2308 propius
4300 2233 4347 2282 a

1311 2335 1498 2402 meta
1541 2326 1782 2402 abesse
1826 2328 2048 2426 quam'
2080 2328 2204 2425 qui
2254 2352 2410 2404 eam
2453 2328 2787 2428 adtigisse
2832 2328 2967 2403 sibi
3018 2327 3354 2403 videatur.

2580 2671 3121 2686 ψ

1405 2924 1506 2997 At
1571 2947 1730 2999 vero
1775 2947 1998 3023 quum
2057 2948 2333 3001 mecum
2379 2933 2627 3026 reputo
2650 2983 2670 3013 ,
2730 2949 2871 3024 quo
2926 2925 3127 3001 latior
3184 2948 3335 3000 sese
3394 2923 3727 3000 extendat
3787 2925 3959 3000 iuris
4008 2923 4354 3000 doctrinae

1308 3067 1597 3142 campus
1653 3068 1738 3119 eo
1785 3044 2116 3120 maiorem
2179 3070 2331 3122 esse
2380 3044 2839 3121 Academicae
2896 3043 3351 3120 institutionis
3400 3044 3545 3118 vim
3593 3044 3686 3120 ad
3733 3068 4101 3144 germanae
4157 3042 4353 3118 iuris·

1305 3164 1716 3260 prudentiae
1765 3165 2036 3241 cultum
2055 3225 2078 3258 ,
2124 3167 2356 3242 denuo
2401 3192 2515 3242 me
2562 3173 2949 3243 commovet
2993 3165 3247 3242 eximia
3292 3165 3603 3242 muneris
3646 3166 3837 3265 quod
3882 3162 4156 3263 suscepi
4199 3187 4350 3263 gra-

1307 3282 1502 3359 vitas.
1605 3287 1698 3358 Et
1760 3285 2063 3385 profecto
2083 3345 2104 3376 ,
2169 3287 2559 3362 temeritate
2618 3286 2810 3361 haud
2867 3284 3066 3390 facile
3126 3311 3241 3361 me
3304 3310 3542 3362 vacare
3608 3294 3851 3386 putem
3869 3345 3890 3376 ,
3945 3286 4080 3360 nisi
4132 3291 4356 3358 vestro

1309 3401 1642 3500 suffragio
1658 3461 1679 3491 ,
1741 3405 1894 3478 Viri
1943 3407 2380 3505 Amplissimi
2397 3465 2418 3495 ,
2474 3413 2837 3506 vestraque
2903 3407 3309 3482 auctoritate
3368 3405 3545 3484 illud
3607 3429 3861 3480 munus
3924 3404 4099 3478 mihi
4166 3409 4349 3476 esset

1309 3520 1639 3596 delatum.
1742 3523 2018 3600 Gratias
2081 3526 2441 3626 accipitote
2507 3525 2595 3600 de
2664 3525 2945 3626 egregio
2976 3526 3163 3602 hoc·
3196 3525 3407 3617 fidei,
3470 3549 3675 3626 quam
3736 3524 3809 3598 in
3868 3547 3981 3598 me
4046 3521 4303 3622 ponitis
4322 3581 4345 3610 ,

1307 3641 1724 3718 testimonio.
1827 3646 1990 3724 Quo
2049 3646 2410 3746 insigniori
2463 3671 2578 3742 me
2624 3646 2874 3722 afficiat
2934 3646 3189 3722 honore
3238 3671 3321 3720 eo
3370 3645 3627 3722 maiora
3680 3644 3857 3719 illud
3898 3642 4073 3718 mihi
4122 3642 4346 3740 impo-

1303 3787 1468 3836 nere
1529 3763 1786 3853 officia,
1853 3765 2134 3865 penitus
2197 3765 2565 3864 persentio.
2676 3766 3097 3843 Persuasum
3144 3766 3341 3843 vobis
3400 3765 3750 3856 habeatis,
3799 3789 3913 3840 me
3976 3763 4169 3839 omni
4222 3785 4353 3862 ope

1304 3882 1661 3958 enisurum
1679 3938 1702 3975 ,
1794 3910 1884 3959 ne
1933 3895 2312 3986 'umquam
2391 3911 2511 3963 vos
2591 3893 2856 3962 vestrae
2930 3911 3095 3986 erga
3172 3911 3286 3964 me
3371 3885 3887 3964 benevolentiae
3962 3883 4351 3984 poeniteat,

1306 4026 1722 4100 omnemque
1763 4029 1942 4106 quae
1989 4007 2062 4081 in
2123 4032 2238 4082 me
2283 4015 2390 4082 est
2435 4006 2779 4082 industria
2819 4007 2913 4082 ad
2946 4007 3157 4082 huius
3202 4006 3623 4084 Academiae
3674 4004 4039 4082 commoda
4079 4026 4350 4103 promo-

1305 4123 1530 4198 venda
1590 4147 1706 4198 me
1769 4149 1922 4200 esse
2003 4127 2436 4204 adlaturum!
2567 4127 2854 4203 Utinam
2912 4126 3202 4202 sollenni
3268 4127 3433 4204 huic
3501 4134 3661 4202 voto
3720 4124 4025 4224 benigne
4092 4129 4352 4198 annuat

1308 4243 1504 4318 Deus
1550 4242 1880 4342 Optimus
1920 4247 2311 4336 Maximus,
2363 4272 2483 4321 vos
2520 4254 2753 4320 autem
2775 4305 2794 4336 ,
2823 4246 2977 4322 Viri
3018 4247 3486 4348 Amplissimi,
3529 4271 3655 4346 per
3702 4247 3983 4344 longam
4012 4265 4349 4320 annorum

1309 4365 1554 4444 seriem
1603 4365 1990 4466 incolumes
2047 4375 2270 4442 servet
2319 4367 2390 4442 in
2438 4363 2877 4443 Academiae'
2910 4368 3495 4444 emolumentum!

1405 4607 1521 4682 Ad
1565 4614 1684 4683 v‘os
1731 4613 1845 4683 me
1881 4615 2240 4700 converto,
2270 4610 2424 4686 Viri
2465 4609 2884 4701 Clarissimi,
2926 4635 3101 4710 quos
3143 4612 3285 4686 iam
3305 4669 3324 4700 ,
3369 4608 3563 4710 quod
3604 4607 3719 4683 vix
3766 4627 4081 4703 unquam
4130 4598 4347 4678 credi·-

1308 4726 1583 4816 deram,
1601 4729 1914 4828 :collegas
1973 4733 2272 4808 salutare
2327 4731 2503 4808 mihi
2546 4730 2908 4831 contingit.
3008 4729 3373 4808 Benevolis
3427 4729 3681 4806 animis
3730 4725 4073 4800 novitium
4112 4723 4184 4796 in
4234 4743 4345 4794 ve-

1309 4851 1530 4922 strum
1561 4849 1872 4949 ordinem
1909 4875 2022 4928 me
2063 4853 2420 4953 excipiatis
2437 4909 2458 4945 ,
2500 4861 2683 4954 peto.
2748 4853 2921 4929 Peto
2946 4859 3185 4955 autem
3212 4875 3294 4932 eo
3324 4851 3606 4928 liberius
3635 4872 3775 4946 quo
3814 4846 4037 4944 magis
4076 4839 4347 4920 confido
