4934 6184
1832 711 2391 782 ORATIO.
3519 715 3650 786 259

606 926 867 1002 tribuat
887 983 908 1016 ,
959 925 1119 1002 dein
1172 948 1334 1000 vero
1376 924 1700 1002 ostendat
1747 922 2008 1025 qualis,
2057 947 2269 1022 quam
2319 925 2510 998 arcta
2555 918 2738 996 inter
2781 917 2950 996 haec
2995 918 3374 998 intercedat
3413 944 3646 1000 neces-

599 1047 865 1138 situd03
918 1047 1181 1146 quibus
1230 1046 1565 1146 neglectis
1614 1045 2001 1146 praesentia
2046 1043 2363 1118 videmus
2408 1048 2686 1118 tantum
2707 1098 2728 1130 ,
2779 1063 2921 1118 non
2975 1039 3452 1140 intelligimus.

700 1168 1059 1243 Historica
1092 1167 1211 1242 illa
1255 1167 1427 1242 iuris
1458 1166 1797 1243 tractandi
1842 1165 2217 1242 methodus
2258 1163 2348 1240 ad
2384 1162 2654 1238 codices
2691 1151 3032 1262 applicata
3071 1161 3298 1237 fontes
3337 1163 3649 1262 aperiens

596 1289 786 1364 unde
854 1289 1203 1388 legislator
1272 1288 1526 1387 placita
1592 1285 2083 1387 depromserit,
2148 1293 2305 1360 tum
2372 1309 2459 1358 ex
2519 1289 2770 1358 mutua
2837 1307 3079 1358 eorum
3139 1283 3648 1382 comparatione

596 1431 1007 1508 germanum
1064 1408 1475 1505 placitorum
1538 1431 1823 1482 sensum
1880 1403 2243 1505 patefacit,
2306 1409 2496 1491 tum,
2561 1402 2750 1501 quod
2811 1403 2920 1480 vel
2975 1403 3262 1480 maximi
3323 1412 3430 1482 est
3497 1428 3644 1484 mo·

596 1528 853 1616 menti,
910 1527 1211 1603 rationes
1282 1552 1361 1602 ac
1423 1526 1761 1627 principia
1810 1525 2069 1625 quibus
2124 1522 2237 1598 ius
2289 1531 2609 1598 nostrum
2665 1522 2930 1600 nitatur
2986 1524 3269 1626 detegit.
3395 1526 3650 1624 Neque

593 1655 871 1722 tantum
940 1648 1012 1721 in
1073 1647 1497 1747 explicandis
1558 1657 1772 1746 atque
1840 1645 2263 1746 usurpandis
2332 1643 2506 1744 legis
2566 1643 2836 1742 placitis
2882 1645 3288 1722 historicum
3334 1645 3650 1722 studium

592 1775 875 1867 gratum
916 1775 1225 1868 praestat
1278 1767 1613 1844 auxilium
1633 1827 1655 1858 ‚
1704 1793 1963 1844 errores
2022 1767 2235 1844 etiam
2280 1791 2459 1865 quos
2517 1765 2868 1866 legislator
2907 1766 2982 1842 in
3039 1765 3395 1844 codicibus
3436 1767 3647 1844 confi·

592 1885 857 1962 ciendis
926 1889 1351 1964 commiserit
1418 1889 1495 1964 in
1561 1890 1787 1964 lucem
1851 1887 2235 1988 proferens,
2303 1899 2427 1962 cur
2485 1885 2738 1986 placita
2787 1886 3206 1986 principiave
3257 1887 3648 1964 discordent

590 2006 905 2084 indicans
922 2067 943 2098 ,
993 2009 1085 2084 ad
1134 2009 1605 2086 emendandos
1660 2010 1931 2087 codices
1978 2009 2289 2110 optimus
2340 2007 2472 2082 erit
2515 2009 2664 2082 dux
2679 2065 2700 2096 ‚
2743 2007 3104 2107 ipsiusque
3145 2007 3649 2086 emendationis

588 2129 1065 2204 necessitatem
1118 2129 1309 2204 haud
1361 2129 1673 2206 oblivisci
1722 2155 1851 2204 nos
1898 2129 2101 2220 sinit,
2160 2129 2422 2228 quippe
2470 2152 2637 2204 cum
2686 2129 3087 2206 continuam
3133 2127 3306 2206 iuris
3351 2129 3648 2229 explica·

587 2246 851 2322 tionem
896 2272 977 2323 ac
1029 2249 1583 2349 progressionem
1634 2259 1797 2326 ante
1840 2250 2079 2326 oculos
2121 2257 2359 2348 ponat.

687 2367 764 2441 Si
816 2376 1053 2442 autem
1102 2393 1260 2443 vera
1304 2370 1717 2468 philosopha
1764 2394 1977 2468 quam
2024 2368 2329 2444 indicavi
2370 2369 2636 2444 ratione
2679 2367 3088 2444 historicum
3129 2367 3444 2444 studium
3487 2368 3650 2444 ooli·

587 2495 737 2577 tur,
803 2485 954 2560 fieri
1011 2509 1175 2569 non,
1209 2494 1441 2584 potest
1497 2488 1704 2587 quin,
1766 2488 1891 2563 ubi
1954 2487 2127 2561 iuris
2188 2487 2715 2586 explicationem
2780 2495 2850 2561 et
2915 2488 3463 2590 progressionem
3527 2511 3650 2586 per

588 2613 983 2704 temporum
1050 2608 1323 2704 lapsum
1394 2608 1819 2707 exposuerit,
1893 2614 2154 2682 certam
2217 2608 2400 2682 viam
2458 2608 2724 2707 aperiat
2767 2630 2908 2705 qua
2925 2663 2946 2696 ,
2988 2606 3186 2680 novis
3231 2606 3442 2681 etiam
3489 2630 3650 2682 con·

589 2723 755 2800 ditis
799 2725 1071 2824 legibus
1090 2784 1111 2815 ,
1164 2727 1623 2827 prospiciatur
1658 2727 2189 2804 necessitatibus
2236 2753 2416 2827 quae
2463 2727 2536 2802 in
2585 2726 2728 2802 vita
2771 2726 2954 2802 civili
2994 2749 3210 2802 novae
3258 2727 3598 2803 oriuntur.

683 2845 976 2920 Accedit
1025 2846 1215 2945 quod
1263 2870 1403 2922 non
1454 2855 1733 2924 tantum
1780 2850 1872 2924 ad
1921 2847 2111 2984 ipsos
2156 2847 2327 2923 iuris
2379 2847 2588 2948 patrii
2641 2846 2868 2922 fontes
2907 2846 3192 2921 historia
3249 2871 3378 2920 nos
3415 2847 3647 2938 ducit,

587 2987 827 3040 verum
872 2965 1120 3056 etiam,
1166 2991 1309 3066 quo
1350 2968 1607 3044 arctius
1651 2969 1919 3044 exstitit
1958 2968 2131 3043 iuris
2174 2967 2393 3044 civilis
2430 2969 2614 3043 inter
2655 2967 2994 3068 plurimos
3011 2967 3332 3068 Europae
3359 2967 3652 3068 populos

585 3086 940 3164 vinculum
972 3113 1061 3164 ex
1086 3089 1577 3166 communibus
1624 3089 1885 3208 quippe
1935 3089 2249 3198 fontibus
2292 3089 2606 3190 singulos
2649 3113 2778 3165 sua
2819 3095 3258 3178 mutuantes,
3301 3113 3384 3164 eo
3423 3089 3648 3189 magis

585 3206 677 3283 ad
741 3233 823 3283 ea
880 3208 1091 3284 etiam
1142 3233 1323 3309 quae
1382 3211 1572 3312 apud
1635 3203 1907 3287 exteros
1954 3199 2129 3285 iuris
2170 3209 2391 3286 civilis
2436 3209 2763 3287 instituta
2814 3209 3056 3311 vigent
3103 3209 3647 3286 animadvertere

585 3351 713 3404 nos
759 3328 977 3406 iubet.

682 3447 823 3522 Sed
842 3505 863 3536 ,
910 3447 1085 3546 quid
1144 3448 1317 3524 iuris
1359 3450 1565 3549 patrii
1614 3451 1833 3526 civilis
1884 3451 2141 3528 limites
2190 3450 2662 3551 transgredior
2719 3449 3169 3550 periculnm’
3147 3475 3506 3532 incurrens
3555 3475 3644 3528 ne

584 3568 735 3643 eius
778 3568 1095 3644 omnium
1143 3569 1573 3646 uberrimum
1614 3570 1879 3646 fontem
1920 3571 2307 3672 negligam,
2354 3571 2560 3646 cuius
2597 3569 2690 3645 ad
2732 3595 2890 3646 vere
2933 3571 3227 3671 patriam
3273 3572 3642 3649 fovendam

585 3695 657 3762 et
719 3688 1163 3762 excolendam
1242 3689 1859 3786 iurisprudentiam
1908 3689 2122 3762 unius
2173 3713 2335 3786 prae
2386 3687 2674 3762 caeteris
2721 3711 2996 3762 summa
3043 3696 3154 3763 est
3198 3691 3636 3787 praestantia.

584 3806 867 3882 Etenim
883 3864 904 3896 ,
968 3807 1285 3907 quamvis
1344 3815 1669 3907 exoptata
1726 3809 1819 3882 sit
1870 3806 2249 3883 accuratior
2292 3804 2467 3880 iuris
2509 3805 2782 3903 antiqui
2829 3806 3042 3882 etiam
3093 3807 3301 3906 patrii
3353 3809 3640 3885 scientia

586 3927 1063 4028 quamtumvis
1110 3926 1650 4028 iurisprudentia
1694 3951 1783 4002 ex
1834 3927 2153 4028 neglecto
2201 3926 2389 4003 illius
2434 3926 2672 4002 studio
2715 3927 3052 4026 acceperit
3103 3927 3502 4004 detrimenti
3535 3971 3636 3988 --

585 4056 860 4137 tamen,
911 4054 1181 4146 praeter
1224 4048 1414 4124 illam
1462 4073 1643 4148 quae
1684 4045 2015 4124 omnibus
2058 4049 2277 4124 nostri
2324 4047 2500 4124 iuris
2545 4044 2858 4122 fontibus
2907 4046 3280 4126 tribuenda
3321 4058 3430 4126 ast
3470 4075 3632 4128 auc·

584 4168 863 4258 toritas,
916 4168 1083 4244 alias
1128 4169 1366 4268 plures
1403 4170 1601 4245 dotes
1646 4169 1907 4270 quibus
1956 4193 2107 4244 sese
2152 4169 2595 4246 commendet
2633 4175 2845 4267 atque
2883 4193 3158 4270 semper
3191 4173 3632 4314 commenda·

587 4295 823 4363 turum
868 4287 959 4362 sit
1004 4287 1175 4364 iuris
1223 4289 1526 4364 Romani
1556 4265 1787 4363 habet
1840 4286 2175 4363 studium.

683 4408 974 4506 Itaque,
1034 4408 1381 4507 quidquid
1426 4407 1801 4506 gloriamur
1852 4407 1941 4481 de
1984 4406 2207 4505 patrio
2250 4407 2490 4484 codice
2525 4407 2906 4509 linguaque
2931 4410 3172 4508 patria
3227 4409 3632 4508 conscriptis

532 4577 537 4582 -
587 4524 861 4624 legibus
880 4584 901 4614 ‚
946 4528 1577 4602 Iureconsultorum
1644 4527 2119 4602 Romanorum
2170 4528 2582 4626 neutiquam
2627 4553 2855 4604 carere
2900 4552 3028 4604 nos
3081 4553 3282 4627 posse
3325 4529 3626 4606 confida-

589 4667 747 4719 mus
784 4644 1080 4735 auxili0,
1110 4653 1193 4720 ut
1234 4653 1587 4722 accuratas
1632 4644 1835 4724 nobis
1880 4648 2295 4747 effingamus
2332 4673 2417 4722 ac
2453 4649 2950 4750 perspiciamus
2977 4647 3150 4723 iuris
3189 4649 3506 4724 notiones
3546 4675 3626 4728 ac

586 4765 883 4864 regulas.
982 4765 1097 4840 Illi
1132 4767 1346 4842 etiam
1386 4790 1515 4842 nos
1552 4767 1843 4843 doceant
1882 4775 2147 4866 quanta
2188 4767 2281 4842 sit
2316 4793 2458 4868 quo
2495 4770 2704 4845 modo
2733 4770 3206 4846 confirmanda
3242 4794 3628 4872 numquam

584 4885 873 4988 impune
932 4887 1245 4988 neglecta
1313 4886 1697 4964 doctrinam
1746 4887 1928 4966 inter
1991 4895 2065 4965 et
2110 4887 2325 4966 vitam
2389 4889 2862 4970 necessitudo!
2961 4890 3374 4992 Numquam
3419 4917 3628 4995 supe-

2952 5012 3103 5098 33¹²,
