4934 6184
1798 709 2357 779 ORATIO.
3470 716 3598 787 131

560 946 767 1023 agere
832 920 1003 1023 ipsis
1067 917 1389 1021 gratiora.
1488 918 2023 1019 Peregrinorum
2092 918 2249 995 dioo
2316 916 2896 995 existimationem
2942 926 3018 997 et
3057 921 3284 999 infimi
3332 922 3600 999 ordinis

559 1043 813 1119 civium
835 1101 855 1131 ,
920 1039 1330 1117 miserorum
1350 1098 1375 1129 ‚
1428 1063 1923 1138 servorumque
1964 1064 2221 1115 curam.
2324 1038 2654 1139 Cogitant
2699 1039 2840 1130 illi,
2890 1040 3198 1119 locorum
3237 1042 3596 1121 intervalla
3697 1058 3702 1063 ’

558 1163 941 1241 admodum
1012 1160 1329 1237 deminui
1394 1167 1467 1235 et
1534 1159 1989 1237 humanitatis
2056 1184 2309 1237 causae
2362 1167 2469 1235 tot
2527 1159 2888 1261 obtingere
2939 1169 3265 1261 patronos
3283 1222 3305 1253 ,
3367 1189 3451 1246 ea
3513 1172 3598 1241 ut

554 1310 697 1362 non
745 1284 967 1385 possit
1012 1306 1155 1357 non
1202 1282 1473 1357 mutua'
1498 1280 1819 1381 gentium
1866 1279 2375 1357 necessitudine
2424 1304 2946 1380 quoquoversus
2989 1282 3364 1360 transferri.

654 1406 857 1482 Haec
900 1402 1105 1479 nobis
1152 1401 1653 1501 Historiologia
1692 1400 2221 1501 contemplanda
2263 1400 2570 1500 praeb'et.
2671 1402 3148 1481 Quamobrem
3185 1428 3274 1479 ea
3311 1404 3598 1481 tandem

467 1540 484 1549 “
558 1526 891 1625 colligens
911 1581 933 1613 ,
984 1548 1165 1624 quae
1206 1522 1749 1599 animadvertere
1799 1521 2029 1597 conati
2078 1544 2323 1595 sumus
2340 1578 2361 1611 ,
2414 1520 2512 1596 sic
2559 1522 2897 1598 concludo
2913 1581 2935 1612 ,
2981 1522 3056 1597 in
3109 1524 3598 1624 progrediendi

558 1646 713 1745 lege
732 1703 753 1733 ,
818 1644 1021 1720 cuius
1074 1643 1179 1729 vis
1240 1650 1315 1718 et
1368 1642 1741 1719 auctoritas
1786 1666 1911 1741 per
1954 1642 2341 1717 semiorum
2388 1665 2675 1717 cursum
2717 1643 3062 1734 cernitur,
3109 1668 3438 1744 magnam
3490 1670 3598 1721 re-

556 1765 767 1864 periri
814 1763 1035 1839 futuri
1076 1763 1405 1863 temporis
1448 1787 1645 1863 spem
1690 1770 1767 1839 et
1806 1762 2413 1863 exspectationem.
2511 1762 2704 1837 Hine
2747 1764 2952 1839 nobis
2987 1789 3128 1841 non
3170 1766 3348 1840 illud
3383 1790 3598 1866 agen-

556 1885 733 1961 dum
794 1892 903 1961 est
920 1943 941 1973 ,
1004 1883 1197 1983 qnod
1263 1884 1595 1983 consequi
1649 1907 1790 1959 non
1850 1907 2224 1983 possumus
2244 1942 2270 1973 ,
2330 1889 2415 1957 ut
2454 1886 2810 1960 redeamus
2851 1886 2945 1961 ad
2987 1885 3272 1963 meliora
3283 1920 3308 1977 ς
3357 1887 3482 1961 sed
3521 1888 3602 1963 id

556 2005 1051 2106 amplectentes
1069 2062 1090 2094 ,
1140 2003 1335 2103 quod
1382 2003 1824 2091 conceditur,
1884 2004 1979 2079 ad
2030 2002 2311 2079 meliora
2364 2004 2642 2079 tendere
2687 2003 3048 2084 debemus.
3148 2008 3604 2107 Quamquam

552 2125 703 2200 fieri
762 2132 1032 2224 potest,
1103 2132 1189 2199 ut
1250 2123 1627 2223 aliquando
1686 2124 1861 2199 aliae
1922 2131 2261 2199 terrarum
2307 2130 2540 2223 partes
2591 2146 2732 2199 non
2787 2131 3066 2201 tantum
3119 2126 3272 2201 aliis
3321 2135 3594 2203 antece-

558 2244 768 2333 dant,
850 2244 977 2320 sed
1052 2244 1263 2319 etiam
1336 2243 2001 2342 praestantissimam
2074 2242 2149 2319 in
2218 2268 2295 2319 se
2365 2249 2770 2319 convertant
2833 2243 3287 2323 humanitatis
3343 2247 3592 2325 lucem.

552 2364 1051 2441 Verumtamen
1112 2388 1289 2439 num
1353 2363 1523 2440 haec
1586 2364 1791 2441 nobis
1846 2364 2331 2441 satisfaciunt?
2407 2362 2697 2441 Nihilne
2742 2363 2960 2465 igitur
3003 2366 3182 2443 hano
3229 2392 3556 2444 curamus
3574 2428 3601 2460 ,.

552 2510 695 2585 qna
745 2484 1047 2560 vivimus
1064 2542 1085 2575 ,
1134 2491 1435 2560 aetatem
1452 2486 1492 2559 Ρ
1551 2484 1729 2560 nihil
1767 2484 2063 2586 patriam
2108 2493 2417 2563 nostram
2436 2536 2458 2573 ,
2521 2484 2722 2561 cuius
2770 2510 2980 2562 causa
3023 2485 3310 2585 plurimi
3347 2488 3604 2565 timent

552 2605 1019 2682 amfraetuum
1092 2603 1617 2681 multitudinem
1640 2664 1663 2695 ,
1730 2631 1873 2705 qua
1934 2604 2207 2705 generis
2254 2604 2550 2686 humani
2595 2604 2984 2705 progressio
3037 2606 3362 2685 delectari
3407 2609 3596 2684 vide-

557 2726 733 2799 tur?
813 2725 1131 2813 Scilicet,
1195 2726 1287 2799 A.
1304 2724 1392 2800 A.
1415 2780 1443 2814 ,
1496 2724 1995 2825 Historiologia
2050 2732 2271 2815 teate,
2334 2725 2445 2801 via
2491 2733 2562 2801 et
2601 2725 2944 2823 praesidia
2987 2732 3154 2802 sunt
3198 2727 3370 2818 rite,
3436 2728 3482 2804 i.
3535 2754 3594 2804 e.
3741 2790 3745 2795 .

552 2850 805 2920 natura
870 2844 1182 2921 hnmana
1242 2844 1498 2945 digne,
1553 2844 2043 2955 progrediendi
2059 2904 2087 2935 ,
2146 2868 2445 2945 quorum
2495 2868 2636 2943 quo
2684 2843 3094 2943 diligentius
3139 2844 3228 2921 ab
3275 2847 3609 2925 omnibus

553 2964 733 3040 ratio
802 2964 1101 3040 liabetur
1115 3024 1143 3055 ,
1208 2989 1291 3041 eo
1354 2965 1611 3041 certius
1666 2965 1873 3041 nobis·
1927 2964 2478 3064 aequalibusque
2537 2961 2791 3041 nostris
2855 2964 3312 3065 prospicietur
3379 2992 3606 3067 eoque

556 3085 917 3161 lubentius
981 3084 1056 3160 in
1120 3084 1251 3187 hae
1320 3086 1843 3185 acquiescemm
1906 3110 2071 3163 voce
2132 3094 2249 3163 eat
2294 3088 2427 3161 cito
2462 3087 2536 3164 ‚ai
2585 3092 2702 3162 eat
2746 3084 2927 3161 bene.
3027 3086 3143 3161 De
3197 3086 3306 3162 hia
3350 3087 3602 3165 ultimo

562 3206 715 3283 loco
762 3206 989 3283 dicere
1032 3206 1386 3283 constitui.
2543 3190 2550 3201 ’

653 3446 743 3521 In
804 3445 961 3523 aliis
1022 3446 1237 3522 rebus
1302 3445 1423 3523 alii
1488 3445 1796 3547 vigorem
1864 3445 2165 3523 civitatis
2226 3452 2596 3545 quaerunt.
2691 3446 2912 3523 Multi
2965 3454 3204 3525 autem
3219 3506 3241 3538 ,
3306 3448 3560 3549 ecquid
3578 3508 3602 3538 ‚

554 3568 755 3643 aiunt
776 3625 799 3656 ,
857 3565 1234 3670 'pulchrius
1302 3566 1713 3667 firmiusque
1784 3566 2161 3667 excogitari
2227 3573 2458 3667 potest
2525 3590 2742 3667 quam
2814 3567 3056 3645 civitas
3123 3568 3397 3669 legibus
3470 3570 3606 3661 rite

559 3688 997 3788 temperata?
1075 3687 1221 3762 Sua
1284 3687 1537 3785 cuique
1600 3687 1857 3788 scripta
1912 3695 2080 3763 sunt
2142 3687 2301 3763 iura
2356 3694 2431 3762 et
2493 3686 2756 3776 officia,
2813 3712 2997 3787 quae
3046 3713 3091 3763 a
3143 3688 3406 3765 nullius
3455 3714 3598 3765 non

553 3808 719 3907 pagi
803 3806 1305 3907 ludimagistris
1370 3830 1535 3882 cum
1597 3807 1836 3907 pueris
1904 3806 2403 3883 communicari
2476 3812 2768 3907 oportet.
2889 3808 3122 3883 Nemo
3189 3806 3450 3907 pendet
3515 3833 3602 3883 ex

558 3926 843 4004 arbitrio
897 3926 1122 4003 alieno
1140 3985 1163 4017 ,
1230 3926 1357 4003 sed
1410 3926 1645 4027 legum
1710 3925 2117 4003 auctoritate
2174 3950 2417 4003 omnes
2466 3924 2854 4025 sepiuntur.
2953 3927 3046 4001 In
3087 3925 3196 4002 his
3239 3934 3598 4025 tamquam

558 4047 632 4122 in
682 4047 952 4125 ancoris
999 4045 1391 4123 consistunt
1433 4046 1771 4123 civitates.
1818 4089 1917 4106 —
1958 4046 2117 4123 Hoc
2165 4046 2226 4122 si
2272 4070 2514 4122 verum
2559 4052 2672 4121 est
2690 4104 2712 4136 ,
2761 4045 2992 4121 nescio
3041 4045 3214 4145 quid
3253 4047 3378 4123 fiat
3411 4071 3600 4123 acer-

556 4168 669 4245 bis
734 4168 1227 4244 nonnullorum
1282 4168 1375 4245 de
1429 4174 1657 4244 aetate
1705 4176 1941 4243 nostra
1987 4166 2320 4267 querelis,
2369 4165 2488 4242 oui
2529 4173 2768 4243 tamen
2815 4190 2942 4241 neo
2985 4166 3177 4268 leges
3223 4166 3479 4243 desunt
3521 4173 3596 4242 et

557 4288 675 4361 hic
738 4287 879 4361 illic
940 4296 1347 4364 ornamento
1408 4295 1621 4387 atque
1662 4287 2005 4388 praesidio
2049 4294 2156 4363 est
2202 4288 2315 4363 lex
2370 4286 2720 4386 quaedam
2769 4311 3126 4387 suprema,
3171 4286 3598 4385 reliquarum

558 4406 877 4483 omnium
944 4432 1195 4507 parens
1266 4414 1339 4483 et
1398 4408 1699 4486 domina.
1798 4410 1889 4484 In
1933 4409 2063 4484 hac
2113 4415 2349 4484 autem
2400 4408 2902 4483 sententiarum
2940 4406 3400 4505 discrepantia
3445 4428 3594 4479 me-

558 4525 893 4603 morabile
942 4535 1051 4601 est
1066 4585 1087 4617 ,
1138 4529 1461 4628 Spartam
1504 4536 1578 4603 et
1619 4528 1933 4605 Athenas
1958 4536 2031 4603 et
2064 4529 2367 4603 Romam
2383 4535 2474 4631 *et
2511 4551 2725 4626 quam
2757 4550 2896 4601 non
2939 4524 3286 4599 civitatem
3323 4523 3593 4599 tamdiu

555 4650 867 4725 firmatas
933 4664 1085 4726 esse
1153 4647 1429 4749 legibus
1446 4706 1468 4737 ,
1529 4649 1869 4747 quamdiu
1918 4654 2259 4723 steterunt
2304 4644 2638 4720 moribus.
2735 4644 2940 4719 Parvi
2981 4647 3253 4717 constat
3302 4666 3592 4719 aureum

556 4769 732 4845 illud
776 4768 1177 4847 Cronnoms
1228 4790 1599 4867 usurparet
1650 4767 1886 4867 legum
1940 4763 2195 4841 idcirco
2250 4764 2430 4839 servi
2491 4786 2736 4839 sumus
2783 4768 2866 4837 ut
2926 4760 3126 4835 liberi
3177 4786 3328 4838 esse
3371 4763 3592 4864 possi-

563 4910 743 4963 mus.
848 4888 987 4965 Sed
1040 4885 1631 4987 quemadmodum
1678 4885 1783 4965 M.
1842 4884 2165 4964 'I'unmus
2180 4942 2205 4980 ,
2248 4882 2498 4963 causae
2547 4882 2846 4961 serviens
2864 4941 2887 4973 ,
2953 4882 3230 5050 saepius
3297 4908 3382 4961 ea
3435 4908 3596 4985 pro-

2965 5006 3056 5081 17
