<?xml version="1.0" encoding="UTF-8"?>
<!DOCTYPE html PUBLIC "-//W3C//DTD XHTML 1.0 Transitional//EN"
    "http://www.w3.org/TR/xhtml1/DTD/xhtml1-transitional.dtd">
<html xmlns="http://www.w3.org/1999/xhtml" xml:lang="en" lang="en">
 <head>
  <title>
</title>
<meta http-equiv="Content-Type" content="text/html;charset=utf-8" />
  <meta name='ocr-system' content='tesseract 3.04.00' />
  <meta name='ocr-capabilities' content='ocr_page ocr_carea ocr_par ocr_line ocrx_word'/>
</head>
<body>
  <div class='ocr_page' id='page_1' title='image "annalesacademic37unkngoog_0174.png"; bbox 0 0 4934 6184; ppageno 0'>
   <div class='ocr_carea' id='block_1_1' title="bbox 1316 694 3320 766">
    <p class='ocr_par' dir='ltr' id='par_1_1' title="bbox 1316 694 3320 766">
     <span class='ocr_line' id='line_1_1' title="bbox 1316 694 3320 766; baseline -0.001 -2"><span class='ocrx_word' id='word_1_1' title='bbox 1316 699 1447 766; x_wconf 84' lang='lat'><strong>164</strong></span> <span class='ocrx_word' id='word_1_2' title='bbox 2244 747 2257 760; x_wconf 83' lang='lat'><strong>.</strong></span> <span class='ocrx_word' id='word_1_3' title='bbox 2363 699 2415 764; x_wconf 91' lang='lat'><strong>1.</strong></span> <span class='ocrx_word' id='word_1_4' title='bbox 2477 695 2894 764; x_wconf 80' lang='lat' dir='ltr'><strong>HISSINK</strong></span> <span class='ocrx_word' id='word_1_5' title='bbox 2954 694 3320 764; x_wconf 77' lang='lat' dir='ltr'><strong>IANSEN</strong></span> 
     </span>
    </p>
   </div>
   <div class='ocr_carea' id='block_1_2' title="bbox 1318 899 4374 4974">
    <p class='ocr_par' dir='ltr' id='par_1_2' title="bbox 1318 899 4365 1366">
     <span class='ocr_line' id='line_1_2' title="bbox 1318 899 4364 1005; baseline 0 -22"><span class='ocrx_word' id='word_1_6' title='bbox 1318 915 1465 983; x_wconf 87' lang='lat' dir='ltr'><strong>tam</strong></span> <span class='ocrx_word' id='word_1_7' title='bbox 1526 906 1729 1005; x_wconf 90' lang='lat' dir='ltr'><strong>eique</strong></span> <span class='ocrx_word' id='word_1_8' title='bbox 1800 905 2249 1004; x_wconf 81' lang='lat' dir='ltr'><strong>imperantem</strong></span> <span class='ocrx_word' id='word_1_9' title='bbox 2270 907 2307 980; x_wconf 77' lang='grc' dir='ltr'><strong><em>Ρ</em></strong></span> <span class='ocrx_word' id='word_1_10' title='bbox 2402 907 2657 981; x_wconf 82' lang='lat' dir='ltr'>Nonne</span> <span class='ocrx_word' id='word_1_11' title='bbox 2729 930 2930 982; x_wconf 91' lang='lat' dir='ltr'><strong>mens</strong></span> <span class='ocrx_word' id='word_1_12' title='bbox 2995 911 3232 980; x_wconf 88' lang='lat' dir='ltr'><strong>nostra</strong></span> <span class='ocrx_word' id='word_1_13' title='bbox 3287 899 3558 980; x_wconf 82' lang='lat' dir='ltr'><strong>facilius</strong></span> <span class='ocrx_word' id='word_1_14' title='bbox 3615 903 3989 1004; x_wconf 77' lang='lat' dir='ltr'><strong>acquiescit</strong></span> <span class='ocrx_word' id='word_1_15' title='bbox 4055 913 4364 983; x_wconf 88' lang='lat' dir='ltr'><strong>assumta</strong></span> 
     </span>
     <span class='ocr_line' id='line_1_3' title="bbox 1318 1021 4362 1126; baseline 0 -24"><span class='ocrx_word' id='word_1_16' title='bbox 1318 1026 1659 1102; x_wconf 90' lang='lat' dir='ltr'><strong>eiusmodi</strong></span> <span class='ocrx_word' id='word_1_17' title='bbox 1715 1033 2055 1126; x_wconf 80' lang='lat' dir='ltr'><strong>potestate</strong></span> <span class='ocrx_word' id='word_1_18' title='bbox 2071 1085 2090 1115; x_wconf 90' lang='lat'>‚</span> <span class='ocrx_word' id='word_1_19' title='bbox 2154 1025 2247 1102; x_wconf 90' lang='lat' dir='ltr'><strong>ad</strong></span> <span class='ocrx_word' id='word_1_20' title='bbox 2293 1051 2507 1126; x_wconf 88' lang='lat' dir='ltr'><strong>quam</strong></span> <span class='ocrx_word' id='word_1_21' title='bbox 2547 1025 2904 1102; x_wconf 88' lang='lat' dir='ltr'><strong>universae</strong></span> <span class='ocrx_word' id='word_1_22' title='bbox 2943 1033 3232 1100; x_wconf 87' lang='lat' dir='ltr'><strong>naturae</strong></span> <span class='ocrx_word' id='word_1_23' title='bbox 3269 1021 3845 1124; x_wconf 77' lang='lat' dir='ltr'><strong>contemplatione</strong></span> <span class='ocrx_word' id='word_1_24' title='bbox 3883 1035 4131 1123; x_wconf 88' lang='lat' dir='ltr'><strong>sponte</strong></span> <span class='ocrx_word' id='word_1_25' title='bbox 4169 1028 4362 1103; x_wconf 89' lang='lat' dir='ltr'><strong>duci-</strong></span> 
     </span>
     <span class='ocr_line' id='line_1_4' title="bbox 1323 1143 4365 1248; baseline 0 -26"><span class='ocrx_word' id='word_1_26' title='bbox 1323 1171 1517 1235; x_wconf 90' lang='lat' dir='ltr'><strong>mur,</strong></span> <span class='ocrx_word' id='word_1_27' title='bbox 1594 1147 1867 1221; x_wconf 89' lang='lat' dir='ltr'><strong>etiamsi</strong></span> <span class='ocrx_word' id='word_1_28' title='bbox 1930 1171 2083 1222; x_wconf 90' lang='lat' dir='ltr'><strong>eam</strong></span> <span class='ocrx_word' id='word_1_29' title='bbox 2148 1171 2287 1221; x_wconf 93' lang='lat' dir='ltr'><strong>non</strong></span> <span class='ocrx_word' id='word_1_30' title='bbox 2356 1146 2590 1222; x_wconf 89' lang='lat' dir='ltr'><strong>statim</strong></span> <span class='ocrx_word' id='word_1_31' title='bbox 2660 1146 3053 1246; x_wconf 86' lang='lat' dir='ltr'><strong>detegimus</strong></span> <span class='ocrx_word' id='word_1_32' title='bbox 3071 1204 3092 1236; x_wconf 93' lang='lat'><strong>,</strong></span> <span class='ocrx_word' id='word_1_33' title='bbox 3171 1144 3298 1220; x_wconf 91' lang='lat' dir='ltr'><strong>ubi</strong></span> <span class='ocrx_word' id='word_1_34' title='bbox 3362 1143 3752 1220; x_wconf 75' lang='lat' dir='ltr'><strong>insistimus</strong></span> <span class='ocrx_word' id='word_1_35' title='bbox 3816 1145 4365 1248; x_wconf 77' lang='lat' dir='ltr'><strong>investigationis</strong></span> 
     </span>
     <span class='ocr_line' id='line_1_5' title="bbox 1318 1267 2277 1366; baseline 0.002 -25"><span class='ocrx_word' id='word_1_36' title='bbox 1318 1273 1607 1342; x_wconf 89' lang='lat' dir='ltr'><strong>naturae</strong></span> <span class='ocrx_word' id='word_1_37' title='bbox 1656 1267 1805 1342; x_wconf 89' lang='lat' dir='ltr'><strong>viae</strong></span> <span class='ocrx_word' id='word_1_38' title='bbox 1854 1267 2219 1366; x_wconf 90' lang='lat' dir='ltr'><strong>empiricae</strong></span> <span class='ocrx_word' id='word_1_39' title='bbox 2240 1269 2277 1342; x_wconf 77' lang='grc' dir='ltr'><strong><em>Ρ</em></strong></span> 
     </span>
    </p>

    <p class='ocr_par' dir='ltr' id='par_1_3' title="bbox 1318 1383 4370 2447">
     <span class='ocr_line' id='line_1_6' title="bbox 1416 1383 4362 1488; baseline -0.001 -28"><span class='ocrx_word' id='word_1_40' title='bbox 1416 1385 1795 1461; x_wconf 79' lang='lat' dir='ltr'><strong>Conclusio</strong></span> <span class='ocrx_word' id='word_1_41' title='bbox 1841 1386 2142 1462; x_wconf 89' lang='lat' dir='ltr'><strong>deducta</strong></span> <span class='ocrx_word' id='word_1_42' title='bbox 2188 1413 2229 1463; x_wconf 90' lang='lat' dir='ltr'><strong>e</strong></span> <span class='ocrx_word' id='word_1_43' title='bbox 2274 1388 2498 1488; x_wconf 88' lang='lat' dir='ltr'><strong>primo</strong></span> <span class='ocrx_word' id='word_1_44' title='bbox 2539 1387 2676 1462; x_wconf 89' lang='lat' dir='ltr'><strong>isto</strong></span> <span class='ocrx_word' id='word_1_45' title='bbox 2719 1385 2908 1460; x_wconf 91' lang='lat' dir='ltr'><strong>illius</strong></span> <span class='ocrx_word' id='word_1_46' title='bbox 2947 1383 3420 1486; x_wconf 84' lang='lat' dir='ltr'><strong>philosophiae</strong></span> <span class='ocrx_word' id='word_1_47' title='bbox 3463 1383 3720 1484; x_wconf 85' lang='lat' dir='ltr'><strong>placito</strong></span> <span class='ocrx_word' id='word_1_48' title='bbox 3759 1385 4136 1460; x_wconf 86' lang='lat' dir='ltr'><strong>arctissimo</strong></span> <span class='ocrx_word' id='word_1_49' title='bbox 4173 1409 4362 1462; x_wconf 82' lang='lat' dir='ltr'><strong>nexu</strong></span> 
     </span>
     <span class='ocr_line' id='line_1_7' title="bbox 1319 1504 4360 1609; baseline 0 -29"><span class='ocrx_word' id='word_1_50' title='bbox 1319 1514 1598 1581; x_wconf 85' lang='lat' dir='ltr'><strong>tenetur</strong></span> <span class='ocrx_word' id='word_1_51' title='bbox 1646 1531 1805 1582; x_wconf 90' lang='lat' dir='ltr'><strong>cum</strong></span> <span class='ocrx_word' id='word_1_52' title='bbox 1859 1508 2075 1583; x_wconf 89' lang='lat' dir='ltr'><strong>altero</strong></span> <span class='ocrx_word' id='word_1_53' title='bbox 2095 1567 2113 1596; x_wconf 91' lang='lat'><strong>,</strong></span> <span class='ocrx_word' id='word_1_54' title='bbox 2164 1533 2415 1609; x_wconf 89' lang='lat' dir='ltr'><strong>nempe</strong></span> <span class='ocrx_word' id='word_1_55' title='bbox 2462 1532 2624 1582; x_wconf 91' lang='lat' dir='ltr'><strong>cum</strong></span> <span class='ocrx_word' id='word_1_56' title='bbox 2680 1531 2799 1595; x_wconf 91' lang='lat' dir='ltr'><strong>eo,</strong></span> <span class='ocrx_word' id='word_1_57' title='bbox 2859 1529 3000 1604; x_wconf 93' lang='lat' dir='ltr'><strong>quo</strong></span> <span class='ocrx_word' id='word_1_58' title='bbox 3048 1511 3438 1604; x_wconf 85' lang='lat' dir='ltr'><strong>agnoscunt</strong></span> <span class='ocrx_word' id='word_1_59' title='bbox 3481 1511 3768 1580; x_wconf 88' lang='lat' dir='ltr'><strong>naturae</strong></span> <span class='ocrx_word' id='word_1_60' title='bbox 3811 1504 4000 1605; x_wconf 85' lang='lat' dir='ltr'><strong>leges</strong></span> <span class='ocrx_word' id='word_1_61' title='bbox 4049 1505 4360 1594; x_wconf 85' lang='lat' dir='ltr'><strong>stabiles,</strong></span> 
     </span>
     <span class='ocr_line' id='line_1_8' title="bbox 1320 1625 4367 1726; baseline -0.001 -24"><span class='ocrx_word' id='word_1_62' title='bbox 1320 1629 1707 1704; x_wconf 89' lang='lat' dir='ltr'><strong>secundum</strong></span> <span class='ocrx_word' id='word_1_63' title='bbox 1756 1653 1933 1726; x_wconf 86' lang='lat' dir='ltr'><strong>quas</strong></span> <span class='ocrx_word' id='word_1_64' title='bbox 1978 1628 2301 1704; x_wconf 86' lang='lat' dir='ltr'><strong>materies</strong></span> <span class='ocrx_word' id='word_1_65' title='bbox 2350 1635 2710 1704; x_wconf 81' lang='lat' dir='ltr'><strong>moveatur</strong></span> <span class='ocrx_word' id='word_1_66' title='bbox 2757 1637 2830 1702; x_wconf 92' lang='lat' dir='ltr'><strong>et</strong></span> <span class='ocrx_word' id='word_1_67' title='bbox 2879 1625 3046 1700; x_wconf 91' lang='lat' dir='ltr'><strong>inde</strong></span> <span class='ocrx_word' id='word_1_68' title='bbox 3095 1625 3552 1726; x_wconf 87' lang='lat' dir='ltr'><strong>profluentem</strong></span> <span class='ocrx_word' id='word_1_69' title='bbox 3599 1625 4080 1700; x_wconf 89' lang='lat' dir='ltr'><strong>necessitatem</strong></span> <span class='ocrx_word' id='word_1_70' title='bbox 4100 1681 4120 1714; x_wconf 87' lang='lat'><strong>,</strong></span> <span class='ocrx_word' id='word_1_71' title='bbox 4187 1649 4367 1724; x_wconf 83' lang='lat' dir='ltr'><strong>quae</strong></span> 
     </span>
     <span class='ocr_line' id='line_1_9' title="bbox 1318 1744 4368 1848; baseline -0.001 -26"><span class='ocrx_word' id='word_1_72' title='bbox 1318 1747 1527 1824; x_wconf 88' lang='lat' dir='ltr'><strong>rebus</strong></span> <span class='ocrx_word' id='word_1_73' title='bbox 1577 1749 1901 1824; x_wconf 88' lang='lat' dir='ltr'><strong>omnibus</strong></span> <span class='ocrx_word' id='word_1_74' title='bbox 1948 1749 2261 1848; x_wconf 89' lang='lat' dir='ltr'><strong>imperet.</strong></span> <span class='ocrx_word' id='word_1_75' title='bbox 2362 1749 2572 1824; x_wconf 88' lang='lat' dir='ltr'><strong>Unde</strong></span> <span class='ocrx_word' id='word_1_76' title='bbox 2623 1749 2858 1823; x_wconf 89' lang='lat' dir='ltr'><strong>statim</strong></span> <span class='ocrx_word' id='word_1_77' title='bbox 2911 1747 3108 1846; x_wconf 88' lang='lat' dir='ltr'><strong>sequi</strong></span> <span class='ocrx_word' id='word_1_78' title='bbox 3150 1753 3444 1846; x_wconf 88' lang='lat' dir='ltr'><strong>putant,</strong></span> <span class='ocrx_word' id='word_1_79' title='bbox 3501 1745 3710 1821; x_wconf 88' lang='lat' dir='ltr'><strong>altius</strong></span> <span class='ocrx_word' id='word_1_80' title='bbox 3755 1744 4108 1846; x_wconf 88' lang='lat' dir='ltr'><strong>quoddam</strong></span> <span class='ocrx_word' id='word_1_81' title='bbox 4143 1745 4218 1820; x_wconf 89' lang='lat' dir='ltr'><strong>in</strong></span> <span class='ocrx_word' id='word_1_82' title='bbox 4259 1769 4368 1820; x_wconf 86' lang='lat' dir='ltr'><strong>res</strong></span> 
     </span>
     <span class='ocr_line' id='line_1_10' title="bbox 1321 1865 4370 1972; baseline -0 -31"><span class='ocrx_word' id='word_1_83' title='bbox 1321 1869 1691 1968; x_wconf 87' lang='lat' dir='ltr'><strong>imperium</strong></span> <span class='ocrx_word' id='word_1_84' title='bbox 1732 1869 2019 1972; x_wconf 85' lang='lat' dir='ltr'><strong>cogitari</strong></span> <span class='ocrx_word' id='word_1_85' title='bbox 2064 1894 2205 1944; x_wconf 91' lang='lat' dir='ltr'><strong>non</strong></span> <span class='ocrx_word' id='word_1_86' title='bbox 2246 1893 2449 1969; x_wconf 88' lang='lat' dir='ltr'><strong>posse</strong></span> <span class='ocrx_word' id='word_1_87' title='bbox 2469 1928 2490 1959; x_wconf 92' lang='lat'><strong>,</strong></span> <span class='ocrx_word' id='word_1_88' title='bbox 2533 1869 2846 1966; x_wconf 88' lang='lat' dir='ltr'><strong>adeoque</strong></span> <span class='ocrx_word' id='word_1_89' title='bbox 2885 1891 3017 1943; x_wconf 89' lang='lat' dir='ltr'><strong>neo</strong></span> <span class='ocrx_word' id='word_1_90' title='bbox 3065 1867 3218 1942; x_wconf 88' lang='lat' dir='ltr'><strong>dari</strong></span> <span class='ocrx_word' id='word_1_91' title='bbox 3260 1867 3336 1940; x_wconf 93' lang='lat' dir='ltr'><strong>in</strong></span> <span class='ocrx_word' id='word_1_92' title='bbox 3381 1890 3612 1940; x_wconf 86' lang='lat' dir='ltr'><strong>rerum</strong></span> <span class='ocrx_word' id='word_1_93' title='bbox 3653 1872 3921 1942; x_wconf 88' lang='lat' dir='ltr'><strong>natura.</strong></span> <span class='ocrx_word' id='word_1_94' title='bbox 4011 1865 4370 1942; x_wconf 86' lang='lat' dir='ltr'><strong>Vocabula</strong></span> 
     </span>
     <span class='ocr_line' id='line_1_11' title="bbox 1320 1985 4370 2088; baseline -0.001 -26"><span class='ocrx_word' id='word_1_95' title='bbox 1320 1988 1536 2088; x_wconf 81' lang='lat' dir='ltr'><strong>igitur</strong></span> <span class='ocrx_word' id='word_1_96' title='bbox 1586 1989 1722 2064; x_wconf 88' lang='lat' dir='ltr'><strong>ista</strong></span> <span class='ocrx_word' id='word_1_97' title='bbox 1786 1999 2077 2066; x_wconf 80' lang='lat' dir='ltr'><strong>naturae</strong></span> <span class='ocrx_word' id='word_1_98' title='bbox 2126 1993 2278 2079; x_wconf 75' lang='lat' dir='ltr'><strong>leoe,</strong></span> <span class='ocrx_word' id='word_1_99' title='bbox 2343 1998 2635 2065; x_wconf 84' lang='lat' dir='ltr'><strong>naturae</strong></span> <span class='ocrx_word' id='word_1_100' title='bbox 2701 1991 3066 2064; x_wconf 69' lang='lat' dir='ltr'><strong>necessitas</strong></span> <span class='ocrx_word' id='word_1_101' title='bbox 3127 2009 3418 2086; x_wconf 79' lang='lat' dir='ltr'><strong>magnas</strong></span> <span class='ocrx_word' id='word_1_102' title='bbox 3465 1993 3690 2084; x_wconf 79' lang='lat' dir='ltr'><strong>agunt</strong></span> <span class='ocrx_word' id='word_1_103' title='bbox 3735 1993 3968 2084; x_wconf 86' lang='lat' dir='ltr'><strong>partes</strong></span> <span class='ocrx_word' id='word_1_104' title='bbox 4013 1985 4088 2060; x_wconf 91' lang='lat' dir='ltr'><strong>in</strong></span> <span class='ocrx_word' id='word_1_105' title='bbox 4135 2011 4370 2062; x_wconf 87' lang='lat' dir='ltr'><strong>eorum</strong></span> 
     </span>
     <span class='ocr_line' id='line_1_12' title="bbox 1322 2104 4368 2208; baseline 0 -28"><span class='ocrx_word' id='word_1_106' title='bbox 1322 2114 1611 2182; x_wconf 87' lang='lat' dir='ltr'><strong>naturae</strong></span> <span class='ocrx_word' id='word_1_107' title='bbox 1658 2108 2259 2208; x_wconf 87' lang='lat' dir='ltr'><strong>contemplatione.</strong></span> <span class='ocrx_word' id='word_1_108' title='bbox 2360 2107 2544 2199; x_wconf 89' lang='lat' dir='ltr'><strong>Quin</strong></span> <span class='ocrx_word' id='word_1_109' title='bbox 2615 2113 2880 2208; x_wconf 88' lang='lat' dir='ltr'><strong>partes,</strong></span> <span class='ocrx_word' id='word_1_110' title='bbox 2951 2131 3127 2206; x_wconf 86' lang='lat' dir='ltr'><strong>quas</strong></span> <span class='ocrx_word' id='word_1_111' title='bbox 3195 2105 3282 2180; x_wconf 92' lang='lat' dir='ltr'><strong>iis</strong></span> <span class='ocrx_word' id='word_1_112' title='bbox 3345 2104 3702 2193; x_wconf 86' lang='lat' dir='ltr'><strong>tribuunt,</strong></span> <span class='ocrx_word' id='word_1_113' title='bbox 3771 2105 4114 2180; x_wconf 87' lang='lat' dir='ltr'><strong>eiusmodi</strong></span> <span class='ocrx_word' id='word_1_114' title='bbox 4165 2115 4368 2194; x_wconf 87' lang='lat' dir='ltr'><strong>sunt,</strong></span> 
     </span>
     <span class='ocr_line' id='line_1_13' title="bbox 1324 2225 4368 2327; baseline 0.001 -28"><span class='ocrx_word' id='word_1_115' title='bbox 1324 2237 1405 2300; x_wconf 92' lang='lat' dir='ltr'><strong>ut</strong></span> <span class='ocrx_word' id='word_1_116' title='bbox 1456 2250 1785 2325; x_wconf 86' lang='lat' dir='ltr'><strong>personas</strong></span> <span class='ocrx_word' id='word_1_117' title='bbox 1830 2228 2004 2302; x_wconf 88' lang='lat' dir='ltr'><strong>adeo</strong></span> <span class='ocrx_word' id='word_1_118' title='bbox 2045 2251 2250 2326; x_wconf 85' lang='lat' dir='ltr'><strong>agere</strong></span> <span class='ocrx_word' id='word_1_119' title='bbox 2298 2227 2665 2302; x_wconf 83' lang='lat' dir='ltr'><strong>videantur</strong></span> <span class='ocrx_word' id='word_1_120' title='bbox 2679 2261 2698 2316; x_wconf 84' lang='lat'>3</span> <span class='ocrx_word' id='word_1_121' title='bbox 2766 2227 3026 2327; x_wconf 87' lang='lat' dir='ltr'><strong>quippe</strong></span> <span class='ocrx_word' id='word_1_122' title='bbox 3095 2225 3467 2324; x_wconf 86' lang='lat' dir='ltr'><strong>imperium</strong></span> <span class='ocrx_word' id='word_1_123' title='bbox 3525 2234 3808 2301; x_wconf 88' lang='lat' dir='ltr'><strong>naturae</strong></span> <span class='ocrx_word' id='word_1_124' title='bbox 3867 2226 4102 2326; x_wconf 84' lang='lat' dir='ltr'><strong>legum</strong></span> <span class='ocrx_word' id='word_1_125' title='bbox 4155 2251 4368 2327; x_wconf 88' lang='lat' dir='ltr'><strong>oppo-</strong></span> 
     </span>
     <span class='ocr_line' id='line_1_14' title="bbox 1322 2346 3008 2447; baseline 0 -25"><span class='ocrx_word' id='word_1_126' title='bbox 1322 2348 1515 2422; x_wconf 87' lang='lat' dir='ltr'><strong>nitur</strong></span> <span class='ocrx_word' id='word_1_127' title='bbox 1577 2347 1867 2447; x_wconf 90' lang='lat' dir='ltr'><strong>imperio</strong></span> <span class='ocrx_word' id='word_1_128' title='bbox 1934 2346 2309 2446; x_wconf 85' lang='lat' dir='ltr'><strong>sapientiae</strong></span> <span class='ocrx_word' id='word_1_129' title='bbox 2368 2346 2680 2422; x_wconf 90' lang='lat' dir='ltr'><strong>numinis</strong></span> <span class='ocrx_word' id='word_1_130' title='bbox 2730 2349 3008 2423; x_wconf 90' lang='lat' dir='ltr'><strong>summi.</strong></span> 
     </span>
    </p>

    <p class='ocr_par' dir='ltr' id='par_1_4' title="bbox 1321 2465 4374 4974">
     <span class='ocr_line' id='line_1_15' title="bbox 1418 2465 4372 2568; baseline 0 -27"><span class='ocrx_word' id='word_1_131' title='bbox 1418 2469 1731 2542; x_wconf 85' lang='lat' dir='ltr'><strong>Naturae</strong></span> <span class='ocrx_word' id='word_1_132' title='bbox 1778 2475 2191 2543; x_wconf 86' lang='lat' dir='ltr'><strong>scrutatores</strong></span> <span class='ocrx_word' id='word_1_133' title='bbox 2234 2492 2478 2544; x_wconf 90' lang='lat' dir='ltr'><strong>omnes</strong></span> <span class='ocrx_word' id='word_1_134' title='bbox 2523 2475 2912 2568; x_wconf 83' lang='lat' dir='ltr'><strong>agnoscunt</strong></span> <span class='ocrx_word' id='word_1_135' title='bbox 2957 2467 3146 2567; x_wconf 87' lang='lat' dir='ltr'><strong>leges</strong></span> <span class='ocrx_word' id='word_1_136' title='bbox 3192 2474 3482 2543; x_wconf 88' lang='lat' dir='ltr'><strong>naturae</strong></span> <span class='ocrx_word' id='word_1_137' title='bbox 3503 2525 3524 2556; x_wconf 88' lang='lat'><strong>,</strong></span> <span class='ocrx_word' id='word_1_138' title='bbox 3575 2466 3666 2542; x_wconf 90' lang='lat' dir='ltr'><strong>ad</strong></span> <span class='ocrx_word' id='word_1_139' title='bbox 3712 2491 4011 2567; x_wconf 88' lang='lat' dir='ltr'><strong>quarum</strong></span> <span class='ocrx_word' id='word_1_140' title='bbox 4055 2465 4372 2542; x_wconf 86' lang='lat' dir='ltr'><strong>notitiam</strong></span> 
     </span>
     <span class='ocr_line' id='line_1_16' title="bbox 1324 2586 4372 2688; baseline -0 -26"><span class='ocrx_word' id='word_1_141' title='bbox 1324 2595 1786 2688; x_wconf 87' lang='lat' dir='ltr'><strong>pervenerunt</strong></span> <span class='ocrx_word' id='word_1_142' title='bbox 1852 2587 2335 2663; x_wconf 85' lang='lat' dir='ltr'><strong>observatione</strong></span> <span class='ocrx_word' id='word_1_143' title='bbox 2398 2595 2472 2664; x_wconf 91' lang='lat' dir='ltr'><strong>et</strong></span> <span class='ocrx_word' id='word_1_144' title='bbox 2533 2588 3043 2688; x_wconf 78' lang='lat' dir='ltr'><strong>experimentis.</strong></span> <span class='ocrx_word' id='word_1_145' title='bbox 3147 2586 3506 2688; x_wconf 81' lang='lat' dir='ltr'><strong>Colligunt</strong></span> <span class='ocrx_word' id='word_1_146' title='bbox 3568 2587 4048 2687; x_wconf 87' lang='lat' dir='ltr'><strong>phaenomena</strong></span> <span class='ocrx_word' id='word_1_147' title='bbox 4103 2587 4372 2686; x_wconf 82' lang='lat' dir='ltr'><strong>singula</strong></span> 
     </span>
     <span class='ocr_line' id='line_1_17' title="bbox 1321 2706 4366 2809; baseline -0.001 -26"><span class='ocrx_word' id='word_1_148' title='bbox 1321 2716 1394 2783; x_wconf 89' lang='lat' dir='ltr'><strong>et</strong></span> <span class='ocrx_word' id='word_1_149' title='bbox 1441 2707 1745 2783; x_wconf 86' lang='lat' dir='ltr'><strong>actiones</strong></span> <span class='ocrx_word' id='word_1_150' title='bbox 1800 2707 2185 2808; x_wconf 84' lang='lat' dir='ltr'><strong>singulares</strong></span> <span class='ocrx_word' id='word_1_151' title='bbox 2232 2733 2445 2809; x_wconf 88' lang='lat' dir='ltr'><strong>quam</strong></span> <span class='ocrx_word' id='word_1_152' title='bbox 2493 2708 3026 2809; x_wconf 87' lang='lat' dir='ltr'><strong>diligentissime</strong></span> <span class='ocrx_word' id='word_1_153' title='bbox 3044 2766 3065 2798; x_wconf 93' lang='lat'><strong>,</strong></span> <span class='ocrx_word' id='word_1_154' title='bbox 3117 2708 3293 2783; x_wconf 92' lang='lat' dir='ltr'><strong>dum</strong></span> <span class='ocrx_word' id='word_1_155' title='bbox 3339 2707 3709 2782; x_wconf 84' lang='lat' dir='ltr'><strong>observant</strong></span> <span class='ocrx_word' id='word_1_156' title='bbox 3751 2731 3992 2782; x_wconf 88' lang='lat' dir='ltr'><strong>omnes</strong></span> <span class='ocrx_word' id='word_1_157' title='bbox 4037 2706 4366 2783; x_wconf 88' lang='lat' dir='ltr'><strong>conditio-</strong></span> 
     </span>
     <span class='ocr_line' id='line_1_18' title="bbox 1322 2825 4370 2929; baseline -0.001 -25"><span class='ocrx_word' id='word_1_158' title='bbox 1322 2854 1447 2905; x_wconf 88' lang='lat' dir='ltr'><strong>nes</strong></span> <span class='ocrx_word' id='word_1_159' title='bbox 1486 2837 1839 2918; x_wconf 84' lang='lat' dir='ltr'><strong>externas,</strong></span> <span class='ocrx_word' id='word_1_160' title='bbox 1890 2829 2023 2906; x_wconf 89' lang='lat' dir='ltr'><strong>sub</strong></span> <span class='ocrx_word' id='word_1_161' title='bbox 2070 2828 2327 2929; x_wconf 89' lang='lat' dir='ltr'><strong>quibus</strong></span> <span class='ocrx_word' id='word_1_162' title='bbox 2368 2837 2769 2905; x_wconf 86' lang='lat' dir='ltr'><strong>cernuntur.</strong></span> <span class='ocrx_word' id='word_1_163' title='bbox 2873 2829 2974 2902; x_wconf 90' lang='lat' dir='ltr'><strong>Ut</strong></span> <span class='ocrx_word' id='word_1_164' title='bbox 3017 2829 3144 2903; x_wconf 91' lang='lat' dir='ltr'><strong>has</strong></span> <span class='ocrx_word' id='word_1_165' title='bbox 3181 2827 3611 2904; x_wconf 89' lang='lat' dir='ltr'><strong>conditiones</strong></span> <span class='ocrx_word' id='word_1_166' title='bbox 3653 2835 4115 2928; x_wconf 82' lang='lat' dir='ltr'><strong>cognoscant,</strong></span> <span class='ocrx_word' id='word_1_167' title='bbox 4164 2825 4370 2925; x_wconf 87' lang='lat' dir='ltr'><strong>phae-</strong></span> 
     </span>
     <span class='ocr_line' id='line_1_19' title="bbox 1322 2948 4372 3051; baseline 0 -27"><span class='ocrx_word' id='word_1_168' title='bbox 1322 2974 1617 3026; x_wconf 90' lang='lat' dir='ltr'><strong>nomena</strong></span> <span class='ocrx_word' id='word_1_169' title='bbox 1677 2975 2043 3050; x_wconf 85' lang='lat' dir='ltr'><strong>provocare</strong></span> <span class='ocrx_word' id='word_1_170' title='bbox 2112 2949 2433 3038; x_wconf 88' lang='lat' dir='ltr'><strong>student,</strong></span> <span class='ocrx_word' id='word_1_171' title='bbox 2485 2950 2978 3051; x_wconf 81' lang='lat' dir='ltr'><strong>experimentis</strong></span> <span class='ocrx_word' id='word_1_172' title='bbox 3037 2974 3368 3050; x_wconf 88' lang='lat' dir='ltr'><strong>persaepe</strong></span> <span class='ocrx_word' id='word_1_173' title='bbox 3413 2956 3486 3024; x_wconf 88' lang='lat' dir='ltr'><strong>et</strong></span> <span class='ocrx_word' id='word_1_174' title='bbox 3538 2949 3827 3026; x_wconf 88' lang='lat' dir='ltr'><strong>diversis</strong></span> <span class='ocrx_word' id='word_1_175' title='bbox 3881 2949 4108 3024; x_wconf 87' lang='lat' dir='ltr'><strong>modis</strong></span> <span class='ocrx_word' id='word_1_176' title='bbox 4157 2948 4372 3025; x_wconf 85' lang='lat' dir='ltr'><strong>factis.</strong></span> 
     </span>
     <span class='ocr_line' id='line_1_20' title="bbox 1323 3067 4368 3166; baseline -0.003 -15"><span class='ocrx_word' id='word_1_177' title='bbox 1323 3071 1605 3151; x_wconf 86' lang='lat' dir='ltr'><strong>Quodsi</strong></span> <span class='ocrx_word' id='word_1_178' title='bbox 1655 3071 1791 3148; x_wconf 90' lang='lat' dir='ltr'><strong>ista</strong></span> <span class='ocrx_word' id='word_1_179' title='bbox 1848 3070 2113 3146; x_wconf 88' lang='lat' dir='ltr'><strong>ratione</strong></span> <span class='ocrx_word' id='word_1_180' title='bbox 2174 3077 2608 3146; x_wconf 86' lang='lat' dir='ltr'><strong>constantem</strong></span> <span class='ocrx_word' id='word_1_181' title='bbox 2656 3095 2939 3146; x_wconf 88' lang='lat' dir='ltr'><strong>cursum</strong></span> <span class='ocrx_word' id='word_1_182' title='bbox 2997 3076 3070 3144; x_wconf 90' lang='lat' dir='ltr'><strong>et</strong></span> <span class='ocrx_word' id='word_1_183' title='bbox 3129 3068 3560 3144; x_wconf 89' lang='lat' dir='ltr'><strong>conditiones</strong></span> <span class='ocrx_word' id='word_1_184' title='bbox 3608 3069 4024 3144; x_wconf 84' lang='lat' dir='ltr'><strong>necessarias</strong></span> <span class='ocrx_word' id='word_1_185' title='bbox 4069 3067 4368 3166; x_wconf 88' lang='lat' dir='ltr'><strong>phaeno-</strong></span> 
     </span>
     <span class='ocr_line' id='line_1_21' title="bbox 1322 3186 4373 3290; baseline -0.002 -23"><span class='ocrx_word' id='word_1_186' title='bbox 1322 3191 1513 3267; x_wconf 90' lang='lat' dir='ltr'><strong>meni</strong></span> <span class='ocrx_word' id='word_1_187' title='bbox 1584 3189 1877 3267; x_wconf 86' lang='lat' dir='ltr'><strong>alicuius</strong></span> <span class='ocrx_word' id='word_1_188' title='bbox 1946 3192 2395 3280; x_wconf 83' lang='lat' dir='ltr'><strong>detexerunt,</strong></span> <span class='ocrx_word' id='word_1_189' title='bbox 2468 3192 2852 3290; x_wconf 89' lang='lat' dir='ltr'><strong>loquuntur</strong></span> <span class='ocrx_word' id='word_1_190' title='bbox 2917 3190 3006 3264; x_wconf 90' lang='lat' dir='ltr'><strong>de</strong></span> <span class='ocrx_word' id='word_1_191' title='bbox 3061 3197 3350 3264; x_wconf 88' lang='lat' dir='ltr'><strong>naturae</strong></span> <span class='ocrx_word' id='word_1_192' title='bbox 3407 3189 3582 3289; x_wconf 80' lang='lat' dir='ltr'><strong>lege.</strong></span> <span class='ocrx_word' id='word_1_193' title='bbox 3699 3189 3904 3279; x_wconf 91' lang='lat' dir='ltr'><strong>Quod</strong></span> <span class='ocrx_word' id='word_1_194' title='bbox 3959 3186 4373 3263; x_wconf 87' lang='lat' dir='ltr'><strong>vocabulum</strong></span> 
     </span>
     <span class='ocr_line' id='line_1_22' title="bbox 1322 3305 4370 3411; baseline -0.001 -29"><span class='ocrx_word' id='word_1_195' title='bbox 1322 3310 1542 3409; x_wconf 86' lang='lat' dir='ltr'><strong>igitur</strong></span> <span class='ocrx_word' id='word_1_196' title='bbox 1586 3309 1760 3385; x_wconf 90' lang='lat' dir='ltr'><strong>nihil</strong></span> <span class='ocrx_word' id='word_1_197' title='bbox 1802 3311 1991 3384; x_wconf 91' lang='lat' dir='ltr'><strong>aliud</strong></span> <span class='ocrx_word' id='word_1_198' title='bbox 2030 3309 2410 3409; x_wconf 84' lang='lat' dir='ltr'><strong>significat,</strong></span> <span class='ocrx_word' id='word_1_199' title='bbox 2454 3319 2722 3411; x_wconf 88' lang='lat' dir='ltr'><strong>praeter</strong></span> <span class='ocrx_word' id='word_1_200' title='bbox 2756 3317 3016 3386; x_wconf 89' lang='lat' dir='ltr'><strong>certam</strong></span> <span class='ocrx_word' id='word_1_201' title='bbox 3063 3309 3378 3408; x_wconf 86' lang='lat' dir='ltr'><strong>regulam</strong></span> <span class='ocrx_word' id='word_1_202' title='bbox 3425 3308 3814 3384; x_wconf 87' lang='lat' dir='ltr'><strong>secundum</strong></span> <span class='ocrx_word' id='word_1_203' title='bbox 3853 3331 4065 3407; x_wconf 85' lang='lat' dir='ltr'><strong>quam</strong></span> <span class='ocrx_word' id='word_1_204' title='bbox 4107 3305 4370 3405; x_wconf 90' lang='lat' dir='ltr'><strong>aliquid</strong></span> 
     </span>
     <span class='ocr_line' id='line_1_23' title="bbox 1326 3425 4364 3528; baseline -0.002 -25"><span class='ocrx_word' id='word_1_205' title='bbox 1326 3431 1450 3504; x_wconf 90' lang='lat' dir='ltr'><strong>fiat</strong></span> <span class='ocrx_word' id='word_1_206' title='bbox 1488 3430 1563 3502; x_wconf 91' lang='lat' dir='ltr'><strong>in</strong></span> <span class='ocrx_word' id='word_1_207' title='bbox 1604 3453 1835 3503; x_wconf 89' lang='lat' dir='ltr'><strong>rerum</strong></span> <span class='ocrx_word' id='word_1_208' title='bbox 1871 3436 2137 3505; x_wconf 89' lang='lat' dir='ltr'><strong>natura.</strong></span> <span class='ocrx_word' id='word_1_209' title='bbox 2240 3432 2500 3506; x_wconf 88' lang='lat' dir='ltr'><strong>Iterata</strong></span> <span class='ocrx_word' id='word_1_210' title='bbox 2539 3430 2674 3505; x_wconf 88' lang='lat' dir='ltr'><strong>ista</strong></span> <span class='ocrx_word' id='word_1_211' title='bbox 2712 3429 3186 3506; x_wconf 84' lang='lat' dir='ltr'><strong>observatione</strong></span> <span class='ocrx_word' id='word_1_212' title='bbox 3226 3451 3501 3518; x_wconf 88' lang='lat' dir='ltr'><strong>eorum,</strong></span> <span class='ocrx_word' id='word_1_213' title='bbox 3543 3453 3722 3528; x_wconf 87' lang='lat' dir='ltr'><strong>quae</strong></span> <span class='ocrx_word' id='word_1_214' title='bbox 3755 3429 3938 3504; x_wconf 87' lang='lat' dir='ltr'><strong>fiunt</strong></span> <span class='ocrx_word' id='word_1_215' title='bbox 3984 3425 4364 3502; x_wconf 87' lang='lat' dir='ltr'><strong>secundum</strong></span> 
     </span>
     <span class='ocr_line' id='line_1_24' title="bbox 1326 3545 4372 3648; baseline -0.002 -22"><span class='ocrx_word' id='word_1_216' title='bbox 1326 3573 1608 3626; x_wconf 88' lang='lat' dir='ltr'><strong>cursum</strong></span> <span class='ocrx_word' id='word_1_217' title='bbox 1674 3555 2108 3624; x_wconf 85' lang='lat' dir='ltr'><strong>constantem</strong></span> <span class='ocrx_word' id='word_1_218' title='bbox 2170 3550 2385 3625; x_wconf 87' lang='lat' dir='ltr'><strong>semel</strong></span> <span class='ocrx_word' id='word_1_219' title='bbox 2439 3549 2792 3626; x_wconf 89' lang='lat' dir='ltr'><strong>detectum</strong></span> <span class='ocrx_word' id='word_1_220' title='bbox 2811 3609 2832 3638; x_wconf 90' lang='lat'><strong>,</strong></span> <span class='ocrx_word' id='word_1_221' title='bbox 2881 3557 3174 3624; x_wconf 87' lang='lat' dir='ltr'><strong>naturae</strong></span> <span class='ocrx_word' id='word_1_222' title='bbox 3217 3555 3562 3624; x_wconf 85' lang='lat' dir='ltr'><strong>scrutator</strong></span> <span class='ocrx_word' id='word_1_223' title='bbox 3597 3549 3909 3648; x_wconf 89' lang='lat' dir='ltr'><strong>pervenit</strong></span> <span class='ocrx_word' id='word_1_224' title='bbox 3953 3547 4044 3624; x_wconf 91' lang='lat' dir='ltr'><strong>ad</strong></span> <span class='ocrx_word' id='word_1_225' title='bbox 4098 3545 4372 3622; x_wconf 88' lang='lat' dir='ltr'><strong>conclu-</strong></span> 
     </span>
     <span class='ocr_line' id='line_1_25' title="bbox 1328 3667 4368 3769; baseline -0.001 -25"><span class='ocrx_word' id='word_1_226' title='bbox 1328 3671 1593 3746; x_wconf 87' lang='lat' dir='ltr'><strong>sionem</strong></span> <span class='ocrx_word' id='word_1_227' title='bbox 1614 3729 1634 3759; x_wconf 93' lang='lat'><strong>,</strong></span> <span class='ocrx_word' id='word_1_228' title='bbox 1682 3693 1965 3746; x_wconf 87' lang='lat' dir='ltr'><strong>cursum</strong></span> <span class='ocrx_word' id='word_1_229' title='bbox 2012 3669 2207 3745; x_wconf 92' lang='lat' dir='ltr'><strong>illum</strong></span> <span class='ocrx_word' id='word_1_230' title='bbox 2261 3669 2773 3746; x_wconf 87' lang='lat' dir='ltr'><strong>immutabilem</strong></span> <span class='ocrx_word' id='word_1_231' title='bbox 2825 3694 2974 3745; x_wconf 89' lang='lat' dir='ltr'><strong>esse</strong></span> <span class='ocrx_word' id='word_1_232' title='bbox 2994 3729 3014 3758; x_wconf 91' lang='lat'><strong>,</strong></span> <span class='ocrx_word' id='word_1_233' title='bbox 3064 3670 3252 3769; x_wconf 83' lang='lat' dir='ltr'><strong>leges</strong></span> <span class='ocrx_word' id='word_1_234' title='bbox 3310 3676 3600 3744; x_wconf 87' lang='lat' dir='ltr'><strong>naturae</strong></span> <span class='ocrx_word' id='word_1_235' title='bbox 3649 3693 3798 3744; x_wconf 90' lang='lat' dir='ltr'><strong>esse</strong></span> <span class='ocrx_word' id='word_1_236' title='bbox 3845 3667 4164 3756; x_wconf 89' lang='lat' dir='ltr'><strong>stabiles,</strong></span> <span class='ocrx_word' id='word_1_237' title='bbox 4209 3691 4368 3742; x_wconf 90' lang='lat' dir='ltr'><strong>con-</strong></span> 
     </span>
     <span class='ocr_line' id='line_1_26' title="bbox 1328 3787 4372 3891; baseline -0.002 -25"><span class='ocrx_word' id='word_1_238' title='bbox 1328 3799 1622 3880; x_wconf 89' lang='lat' dir='ltr'><strong>stantes,</strong></span> <span class='ocrx_word' id='word_1_239' title='bbox 1698 3815 1953 3890; x_wconf 89' lang='lat' dir='ltr'><strong>easque</strong></span> <span class='ocrx_word' id='word_1_240' title='bbox 2018 3790 2277 3866; x_wconf 86' lang='lat' dir='ltr'><strong>mutari</strong></span> <span class='ocrx_word' id='word_1_241' title='bbox 2346 3815 2486 3866; x_wconf 92' lang='lat' dir='ltr'><strong>non</strong></span> <span class='ocrx_word' id='word_1_242' title='bbox 2557 3815 2776 3891; x_wconf 88' lang='lat' dir='ltr'><strong>posse.</strong></span> <span class='ocrx_word' id='word_1_243' title='bbox 2877 3791 3318 3865; x_wconf 88' lang='lat' dir='ltr'><strong>Postremum</strong></span> <span class='ocrx_word' id='word_1_244' title='bbox 3381 3787 3512 3864; x_wconf 91' lang='lat' dir='ltr'><strong>hoc</strong></span> <span class='ocrx_word' id='word_1_245' title='bbox 3561 3797 3794 3866; x_wconf 90' lang='lat' dir='ltr'><strong>tamen</strong></span> <span class='ocrx_word' id='word_1_246' title='bbox 3813 3847 3833 3877; x_wconf 93' lang='lat'><strong>,</strong></span> <span class='ocrx_word' id='word_1_247' title='bbox 3885 3788 3946 3862; x_wconf 90' lang='lat' dir='ltr'><strong>si</strong></span> <span class='ocrx_word' id='word_1_248' title='bbox 4005 3787 4372 3888; x_wconf 84' lang='lat' dir='ltr'><strong>diligenter</strong></span> 
     </span>
     <span class='ocr_line' id='line_1_27' title="bbox 1330 3908 4374 4012; baseline -0.002 -25"><span class='ocrx_word' id='word_1_249' title='bbox 1330 3912 1839 4012; x_wconf 90' lang='lat' dir='ltr'><strong>perpendamus</strong></span> <span class='ocrx_word' id='word_1_250' title='bbox 1859 3971 1879 4001; x_wconf 93' lang='lat'><strong>,</strong></span> <span class='ocrx_word' id='word_1_251' title='bbox 1948 3936 2087 3986; x_wconf 91' lang='lat' dir='ltr'><strong>non</strong></span> <span class='ocrx_word' id='word_1_252' title='bbox 2150 3911 2287 3985; x_wconf 89' lang='lat' dir='ltr'><strong>nisi</strong></span> <span class='ocrx_word' id='word_1_253' title='bbox 2346 3910 2748 4010; x_wconf 82' lang='lat' dir='ltr'><strong>hypothesis</strong></span> <span class='ocrx_word' id='word_1_254' title='bbox 2803 3919 2932 3984; x_wconf 90' lang='lat' dir='ltr'><strong>est.</strong></span> <span class='ocrx_word' id='word_1_255' title='bbox 3035 3912 3237 3988; x_wconf 87' lang='lat' dir='ltr'><strong>Quae</strong></span> <span class='ocrx_word' id='word_1_256' title='bbox 3298 3909 3584 4007; x_wconf 90' lang='lat' dir='ltr'><strong>quidem</strong></span> <span class='ocrx_word' id='word_1_257' title='bbox 3639 3908 4040 4008; x_wconf 81' lang='lat' dir='ltr'><strong>hypothesis</strong></span> <span class='ocrx_word' id='word_1_258' title='bbox 4103 3909 4374 3982; x_wconf 85' lang='lat' dir='ltr'><strong>veritati</strong></span> 
     </span>
     <span class='ocr_line' id='line_1_28' title="bbox 1331 4029 4370 4130; baseline -0.001 -25"><span class='ocrx_word' id='word_1_259' title='bbox 1331 4055 1551 4129; x_wconf 87' lang='lat' dir='ltr'><strong>paene</strong></span> <span class='ocrx_word' id='word_1_260' title='bbox 1612 4030 2123 4130; x_wconf 89' lang='lat' dir='ltr'><strong>aequiparanda</strong></span> <span class='ocrx_word' id='word_1_261' title='bbox 2188 4037 2295 4106; x_wconf 89' lang='lat' dir='ltr'><strong>est</strong></span> <span class='ocrx_word' id='word_1_262' title='bbox 2312 4089 2333 4120; x_wconf 88' lang='lat'><strong>,</strong></span> <span class='ocrx_word' id='word_1_263' title='bbox 2398 4031 2524 4106; x_wconf 89' lang='lat' dir='ltr'><strong>sed</strong></span> <span class='ocrx_word' id='word_1_264' title='bbox 2571 4039 2802 4106; x_wconf 89' lang='lat' dir='ltr'><strong>tamen</strong></span> <span class='ocrx_word' id='word_1_265' title='bbox 2859 4029 3201 4104; x_wconf 87' lang='lat' dir='ltr'><strong>eiusmodi</strong></span> <span class='ocrx_word' id='word_1_266' title='bbox 3221 4086 3240 4118; x_wconf 91' lang='lat'><strong>,</strong></span> <span class='ocrx_word' id='word_1_267' title='bbox 3303 4037 3384 4102; x_wconf 91' lang='lat' dir='ltr'><strong>ut</strong></span> <span class='ocrx_word' id='word_1_268' title='bbox 3431 4036 3719 4105; x_wconf 79' lang='lat' dir='ltr'><strong>naturae</strong></span> <span class='ocrx_word' id='word_1_269' title='bbox 3775 4035 4118 4105; x_wconf 87' lang='lat' dir='ltr'><strong>scrutator</strong></span> <span class='ocrx_word' id='word_1_270' title='bbox 4165 4053 4370 4103; x_wconf 87' lang='lat' dir='ltr'><strong>num-</strong></span> 
     </span>
     <span class='ocr_line' id='line_1_29' title="bbox 1334 4149 4368 4251; baseline -0.001 -27"><span class='ocrx_word' id='word_1_271' title='bbox 1334 4175 1545 4251; x_wconf 88' lang='lat' dir='ltr'><strong>quam</strong></span> <span class='ocrx_word' id='word_1_272' title='bbox 1583 4173 1709 4249; x_wconf 89' lang='lat' dir='ltr'><strong>pro</strong></span> <span class='ocrx_word' id='word_1_273' title='bbox 1750 4157 1937 4225; x_wconf 90' lang='lat' dir='ltr'><strong>certo</strong></span> <span class='ocrx_word' id='word_1_274' title='bbox 1981 4151 2319 4226; x_wconf 86' lang='lat' dir='ltr'><strong>affirmare</strong></span> <span class='ocrx_word' id='word_1_275' title='bbox 2368 4150 2620 4250; x_wconf 89' lang='lat' dir='ltr'><strong>possit,</strong></span> <span class='ocrx_word' id='word_1_276' title='bbox 2672 4151 2936 4226; x_wconf 87' lang='lat' dir='ltr'><strong>nullam</strong></span> <span class='ocrx_word' id='word_1_277' title='bbox 2977 4173 3288 4249; x_wconf 90' lang='lat' dir='ltr'><strong>unquam</strong></span> <span class='ocrx_word' id='word_1_278' title='bbox 3337 4157 3625 4225; x_wconf 85' lang='lat' dir='ltr'><strong>naturae</strong></span> <span class='ocrx_word' id='word_1_279' title='bbox 3677 4149 3904 4250; x_wconf 85' lang='lat' dir='ltr'><strong>legem</strong></span> <span class='ocrx_word' id='word_1_280' title='bbox 3923 4207 3944 4238; x_wconf 89' lang='lat'><strong>,</strong></span> <span class='ocrx_word' id='word_1_281' title='bbox 3991 4171 4205 4247; x_wconf 91' lang='lat' dir='ltr'><strong>quam</strong></span> <span class='ocrx_word' id='word_1_282' title='bbox 4251 4172 4368 4222; x_wconf 83' lang='lat' dir='ltr'><strong>vo·</strong></span> 
     </span>
     <span class='ocr_line' id='line_1_30' title="bbox 1332 4268 4366 4370; baseline -0.002 -24"><span class='ocrx_word' id='word_1_283' title='bbox 1332 4278 1483 4360; x_wconf 88' lang='lat' dir='ltr'><strong>cat,</strong></span> <span class='ocrx_word' id='word_1_284' title='bbox 1530 4276 1657 4345; x_wconf 89' lang='lat' dir='ltr'><strong>aut</strong></span> <span class='ocrx_word' id='word_1_285' title='bbox 1697 4268 1863 4344; x_wconf 92' lang='lat' dir='ltr'><strong>olim</strong></span> <span class='ocrx_word' id='word_1_286' title='bbox 1902 4276 2247 4345; x_wconf 88' lang='lat' dir='ltr'><strong>mutatam</strong></span> <span class='ocrx_word' id='word_1_287' title='bbox 2272 4293 2421 4344; x_wconf 88' lang='lat' dir='ltr'><strong>esse</strong></span> <span class='ocrx_word' id='word_1_288' title='bbox 2459 4279 2584 4345; x_wconf 90' lang='lat' dir='ltr'><strong>aut</strong></span> <span class='ocrx_word' id='word_1_289' title='bbox 2625 4271 2698 4344; x_wconf 93' lang='lat' dir='ltr'><strong>in</strong></span> <span class='ocrx_word' id='word_1_290' title='bbox 2723 4278 3075 4370; x_wconf 87' lang='lat' dir='ltr'><strong>posterum</strong></span> <span class='ocrx_word' id='word_1_291' title='bbox 3113 4275 3466 4345; x_wconf 89' lang='lat' dir='ltr'><strong>mutatum</strong></span> <span class='ocrx_word' id='word_1_292' title='bbox 3505 4269 3624 4359; x_wconf 85' lang='lat' dir='ltr'><strong>iri;</strong></span> <span class='ocrx_word' id='word_1_293' title='bbox 3671 4275 3890 4358; x_wconf 88' lang='lat' dir='ltr'><strong>certe,</strong></span> <span class='ocrx_word' id='word_1_294' title='bbox 3935 4269 3995 4343; x_wconf 92' lang='lat' dir='ltr'><strong>si</strong></span> <span class='ocrx_word' id='word_1_295' title='bbox 4035 4269 4366 4357; x_wconf 87' lang='lat' dir='ltr'><strong>affirmet,</strong></span> 
     </span>
     <span class='ocr_line' id='line_1_31' title="bbox 1334 4388 4366 4492; baseline -0.002 -26"><span class='ocrx_word' id='word_1_296' title='bbox 1334 4391 1423 4466; x_wconf 89' lang='lat' dir='ltr'><strong>ab</strong></span> <span class='ocrx_word' id='word_1_297' title='bbox 1492 4391 1647 4492; x_wconf 87' lang='lat' dir='ltr'><strong>ipsa</strong></span> <span class='ocrx_word' id='word_1_298' title='bbox 1708 4389 2181 4464; x_wconf 87' lang='lat' dir='ltr'><strong>observatione</strong></span> <span class='ocrx_word' id='word_1_299' title='bbox 2249 4388 2559 4477; x_wconf 87' lang='lat' dir='ltr'><strong>decedit,</strong></span> <span class='ocrx_word' id='word_1_300' title='bbox 2629 4389 2888 4489; x_wconf 90' lang='lat' dir='ltr'><strong>quippe</strong></span> <span class='ocrx_word' id='word_1_301' title='bbox 2955 4415 3136 4489; x_wconf 89' lang='lat' dir='ltr'><strong>quae</strong></span> <span class='ocrx_word' id='word_1_302' title='bbox 3193 4412 3357 4464; x_wconf 88' lang='lat' dir='ltr'><strong>cum</strong></span> <span class='ocrx_word' id='word_1_303' title='bbox 3425 4389 3606 4480; x_wconf 91' lang='lat' dir='ltr'><strong>loco,</strong></span> <span class='ocrx_word' id='word_1_304' title='bbox 3673 4397 3827 4464; x_wconf 91' lang='lat' dir='ltr'><strong>tum</strong></span> <span class='ocrx_word' id='word_1_305' title='bbox 3889 4396 4196 4487; x_wconf 87' lang='lat' dir='ltr'><strong>tempore</strong></span> <span class='ocrx_word' id='word_1_306' title='bbox 4261 4395 4366 4462; x_wconf 89' lang='lat' dir='ltr'><strong>est</strong></span> 
     </span>
     <span class='ocr_line' id='line_1_32' title="bbox 1328 4509 4365 4611; baseline -0.002 -22"><span class='ocrx_word' id='word_1_307' title='bbox 1328 4511 1864 4611; x_wconf 89' lang='lat' dir='ltr'><strong>circumscripta.</strong></span> <span class='ocrx_word' id='word_1_308' title='bbox 1910 4553 2013 4570; x_wconf 88' lang='lat'><strong>—-</strong></span> <span class='ocrx_word' id='word_1_309' title='bbox 2056 4509 2197 4584; x_wconf 89' lang='lat' dir='ltr'><strong>Sed</strong></span> <span class='ocrx_word' id='word_1_310' title='bbox 2243 4517 2474 4584; x_wconf 91' lang='lat' dir='ltr'><strong>sumta</strong></span> <span class='ocrx_word' id='word_1_311' title='bbox 2523 4509 2642 4586; x_wconf 91' lang='lat' dir='ltr'><strong>illa</strong></span> <span class='ocrx_word' id='word_1_312' title='bbox 2684 4510 3246 4586; x_wconf 89' lang='lat' dir='ltr'><strong>immutabilitate</strong></span> <span class='ocrx_word' id='word_1_313' title='bbox 3291 4516 3363 4585; x_wconf 86' lang='lat' dir='ltr'><strong>et</strong></span> <span class='ocrx_word' id='word_1_314' title='bbox 3413 4517 3750 4610; x_wconf 84' lang='lat' dir='ltr'><strong>perpetua</strong></span> <span class='ocrx_word' id='word_1_315' title='bbox 3793 4510 4031 4610; x_wconf 78' lang='lat' dir='ltr'><strong>legum</strong></span> <span class='ocrx_word' id='word_1_316' title='bbox 4077 4515 4365 4585; x_wconf 84' lang='lat' dir='ltr'><strong>naturae</strong></span> 
     </span>
     <span class='ocr_line' id='line_1_33' title="bbox 1329 4631 4359 4733; baseline -0.002 -23"><span class='ocrx_word' id='word_1_317' title='bbox 1329 4634 1712 4710; x_wconf 87' lang='lat' dir='ltr'><strong>constantia</strong></span> <span class='ocrx_word' id='word_1_318' title='bbox 1732 4691 1751 4723; x_wconf 91' lang='lat'><strong>,</strong></span> <span class='ocrx_word' id='word_1_319' title='bbox 1798 4631 2197 4733; x_wconf 87' lang='lat' dir='ltr'><strong>quaerimus</strong></span> <span class='ocrx_word' id='word_1_320' title='bbox 2213 4690 2234 4722; x_wconf 94' lang='lat'><strong>,</strong></span> <span class='ocrx_word' id='word_1_321' title='bbox 2289 4655 2461 4706; x_wconf 91' lang='lat' dir='ltr'><strong>num</strong></span> <span class='ocrx_word' id='word_1_322' title='bbox 2515 4639 2838 4707; x_wconf 88' lang='lat' dir='ltr'><strong>constans</strong></span> <span class='ocrx_word' id='word_1_323' title='bbox 2885 4655 3130 4706; x_wconf 88' lang='lat' dir='ltr'><strong>cursus</strong></span> <span class='ocrx_word' id='word_1_324' title='bbox 3174 4637 3245 4705; x_wconf 87' lang='lat' dir='ltr'><strong>et</strong></span> <span class='ocrx_word' id='word_1_325' title='bbox 3289 4631 3685 4708; x_wconf 87' lang='lat' dir='ltr'><strong>consecutio</strong></span> <span class='ocrx_word' id='word_1_326' title='bbox 3729 4631 4359 4732; x_wconf 87' lang='lat' dir='ltr'><strong>phaenomenorum</strong></span> 
     </span>
     <span class='ocr_line' id='line_1_34' title="bbox 1329 4749 4364 4852; baseline -0.002 -26"><span class='ocrx_word' id='word_1_327' title='bbox 1329 4753 1405 4827; x_wconf 92' lang='lat' dir='ltr'><strong>in</strong></span> <span class='ocrx_word' id='word_1_328' title='bbox 1452 4761 1701 4829; x_wconf 84' lang='lat' dir='ltr'><strong>natura</strong></span> <span class='ocrx_word' id='word_1_329' title='bbox 1764 4777 2087 4852; x_wconf 87' lang='lat' dir='ltr'><strong>corporea</strong></span> <span class='ocrx_word' id='word_1_330' title='bbox 2146 4751 2467 4828; x_wconf 87' lang='lat' dir='ltr'><strong>excludat</strong></span> <span class='ocrx_word' id='word_1_331' title='bbox 2536 4751 2908 4850; x_wconf 90' lang='lat' dir='ltr'><strong>imperium</strong></span> <span class='ocrx_word' id='word_1_332' title='bbox 2973 4749 3150 4824; x_wconf 91' lang='lat' dir='ltr'><strong>illud</strong></span> <span class='ocrx_word' id='word_1_333' title='bbox 3215 4758 3286 4824; x_wconf 89' lang='lat' dir='ltr'><strong>et</strong></span> <span class='ocrx_word' id='word_1_334' title='bbox 3355 4752 3664 4852; x_wconf 83' lang='lat' dir='ltr'><strong>regimen</strong></span> <span class='ocrx_word' id='word_1_335' title='bbox 3725 4749 4070 4838; x_wconf 89' lang='lat' dir='ltr'><strong>numinis,</strong></span> <span class='ocrx_word' id='word_1_336' title='bbox 4133 4749 4230 4823; x_wconf 91' lang='lat' dir='ltr'><strong>ita</strong></span> <span class='ocrx_word' id='word_1_337' title='bbox 4279 4753 4364 4820; x_wconf 91' lang='lat' dir='ltr'><strong>ut</strong></span> 
     </span>
     <span class='ocr_line' id='line_1_35' title="bbox 1332 4869 4360 4974; baseline -0.003 -23"><span class='ocrx_word' id='word_1_338' title='bbox 1332 4872 1619 4974; x_wconf 86' lang='lat' dir='ltr'><strong>cogitari</strong></span> <span class='ocrx_word' id='word_1_339' title='bbox 1676 4895 1814 4948; x_wconf 92' lang='lat' dir='ltr'><strong>non</strong></span> <span class='ocrx_word' id='word_1_340' title='bbox 1874 4872 2093 4972; x_wconf 88' lang='lat' dir='ltr'><strong>possit</strong></span> <span class='ocrx_word' id='word_1_341' title='bbox 2142 4880 2214 4947; x_wconf 91' lang='lat' dir='ltr'><strong>et</strong></span> <span class='ocrx_word' id='word_1_342' title='bbox 2253 4896 2380 4973; x_wconf 87' lang='lat' dir='ltr'><strong>pro</strong></span> <span class='ocrx_word' id='word_1_343' title='bbox 2417 4895 2492 4947; x_wconf 91' lang='lat' dir='ltr'><strong>re</strong></span> <span class='ocrx_word' id='word_1_344' title='bbox 2539 4870 2724 4948; x_wconf 81' lang='lat' dir='ltr'><strong>futili</strong></span> <span class='ocrx_word' id='word_1_345' title='bbox 2765 4879 2836 4947; x_wconf 90' lang='lat' dir='ltr'><strong>et</strong></span> <span class='ocrx_word' id='word_1_346' title='bbox 2883 4870 3074 4946; x_wconf 92' lang='lat' dir='ltr'><strong>inani</strong></span> <span class='ocrx_word' id='word_1_347' title='bbox 3123 4869 3566 4948; x_wconf 85' lang='lat' dir='ltr'><strong>reiiciendum</strong></span> <span class='ocrx_word' id='word_1_348' title='bbox 3639 4871 3780 4948; x_wconf 77' lang='lat' dir='ltr'><strong>sit?</strong></span> <span class='ocrx_word' id='word_1_349' title='bbox 3879 4869 4360 4946; x_wconf 87' lang='lat' dir='ltr'><strong>Concedamus</strong></span> 
     </span>
    </p>
   </div>
  </div>
 </body>
</html>
