4934 6184
1744 693 2307 765 ORATIO.
2707 745 2712 752 -
3465 701 3550 767 53

514 903 933 1003 efflagitent,
986 925 1133 978 ·nec
1188 896 1433 1000 quavis
1496 897 1845 979 doctrinae
1898 903 2112 979 veluti
2170 928 2339 979 aura
2398 907 2780 978 commotos
2827 907 2902 976 et
2943 903 3326 1004 exagitatos
3342 965 3364 997 ,
3415 931 3543 983 nec

514 1023 859 1122 probabili
923 1022 1147 1098 variae
1192 1019 1601 1096 eruditionis
1646 1024 1841 1123 eopia
1882 1032 2191 1100 carentes
2210 1082 2232 1113 ,
2283 1023 2407 1098 sed
2448 1023 2543 1098 ad
2587 1021 2990 1121 religionem
3043 1025 3548 1103 sanctissimam

448 1164 454 1169 ¹
519 1145 855 1220 tuendam
922 1142 1492 1244 probandamque
1552 1141 1642 1217 ab
1712 1143 1905 1218 omni
1976 1151 2171 1245 parte
2240 1151 2548 1243 promtos
2609 1151 2820 1241 atque
2893 1151 3191 1242 paratos.
3309 1147 3547 1226 Quare

514 1265 855 1340 rationem
930 1264 1030 1340 ita
1103 1261 1581 1338 concludimus
1600 1322 1621 1352 ‚
1694 1262 2127 1364 aptissimam
2202 1288 2352 1338 esse
2423 1263 2938 1338 institutionem
3013 1266 3502 1345 Academicam
3527 1325 3548 1357 ,

518 1385 776 1483 quippe
826 1383 1317 1460 doctissimam.

617 1473 769 1579 Nec
814 1511 1093 1580 tantum
1138 1503 1343 1579 docta
1382 1501 1675 1578 dicenda
1716 1509 1864 1592 est,
1932 1503 2055 1578 sed
2104 1511 2175 1578 et
2223 1501 2668 1590 liberalis,
2719 1527 2934 1601 quam
2981 1503 3388 1596 laudamus,
3437 1505 3544 1582 in-

522 1624 815 1700 stitutio,
884 1623 998 1697 Ab
1050 1622 1247 1698 initio
1280 1621 1447 1696 inde
1493 1621 1661 1698 haec
1702 1623 2255 1722 exoptatissimae
2295 1621 2725 1700 liberalitatis
2773 1629 2938 1699 nota
2977 1623 3231 1698 nostris
3273 1625 3550 1726 propria

518 1744 653 1818 fuit
698 1743 1095 1818 Academiis
1115 1801 1136 1831 ‚
1200 1741 1461 1842 quippe
1511 1765 1673 1816 cum
1720 1749 1959 1818 renata
2012 1742 2327 1817 libertate
2373 1741 2566 1817 ortis.
2665 1741 3048 1842 Postquam
3093 1767 3222 1843 pro
3263 1743 3414 1819 iure
3465 1769 3549 1821 ac

516 1889 642 1962 pro
699 1863 1028 1962 religione
1090 1885 1284 1938 arma
1347 1870 1737 1938 sumserant
1789 1863 2081 1939 maiores
2138 1861 2357 1938 nostri
2374 1919 2395 1952 ,
2455 1861 2634 1936 hanc
2696 1857 3158 1938 condiderunt
3206 1861 3282 1938 in
3337 1863 3416 1938 H
3429 1889 3474 1938 o
3489 1863 3546 1939 l-

517 1985 599 2060 la
616 2009 660 2058 n
681 1983 728 2056 d
744 1984 771 2058 i
787 2008 830 2057 a
882 2006 1021 2056 non
1069 1981 1371 2057 scholam
1390 2039 1411 2070 ,
1462 1981 1586 2057 sed
1627 1982 2079 2060 Academiam
2099 2041 2119 2072 ‚
2168 1983 2239 2057 in
2286 2006 2427 2082 qua
2464 2005 2709 2088 omnes
2760 1982 3146 2059 colerentur
3201 1982 3548 2082 ingenuae

515 2109 696 2178 artes
748 2127 828 2176 ac
895 2101 1331 2200 disciplinae,
1380 2124 1672 2200 eamque
1712 2101 1863 2202 ipsa
1911 2101 2369 2177 institutionis
2408 2102 2563 2202 lege
2613 2101 3050 2201 appellarunt
3099 2101 3432 2180 nliberam
3477 2111 3550 2180 et

380 2285 413 2316 ,
518 2220 991 2321 ‘'publicam”
1092 2222 1447 2296 Noverant
1489 2222 1675 2297 enim
1715 2246 1841 2322 pro
1882 2247 1965 2296 ea
1986 2279 2006 2310 ‚
2056 2247 2198 2321 qua
2237 2229 2469 2312 erant,
2517 2221 2890 2360 prudentia
2925 2221 3054 2297 viri
3085 2221 3508 2322 sagacissimi
3524 2281 3547 2313 ‚

517 2342 903 2417 doctrinam
952 2343 1440 2440 quamcunque
1457 2400 1479 2431 ,
1545 2342 1680 2418 nisi
1728 2341 1942 2418 libere
1986 2342 2252 2418 colatur
2266 2401 2285 2443 2
2335 2341 2514 2416 bene
2563 2341 2696 2417 coli
2744 2366 2882 2417 non
2929 2366 3132 2440 posse
3177 2349 3249 2418 et
3289 2341 3358 2416 vi
3397 2340 3556 2417 illa·-

516 2470 659 2534 tam
720 2459 986 2534 nullam
1061 2459 1133 2532 in
1199 2483 1551 2558 quoquam
1618 2460 1763 2536 fore
1836 2461 2180 2560 vigentem
2252 2460 2676 2536 stabilemve.
2780 2463 3015 2559 Atque
3071 2461 3240 2536 haec
3261 2520 3281 2550 ‚
3333 2486 3547 2560 quam

516 2580 1068 2678 proclamarunt,
1136 2578 1417 2654 libertas
1484 2580 1901 2656 Academica
1968 2605 2107 2656 non
2167 2581 2239 2654 in
2291 2581 2513 2656 forma
2563 2588 2839 2655 tantum
2893 2589 2964 2654 et
3013 2581 3504 2656 constitutione
3521 2639 3544 2670 ‚

520 2698 644 2772 sed
708 2697 931 2796 magis
992 2696 1204 2771 etiam
1258 2697 1332 2770 in
1382 2695 1692 2772 docendo
1742 2697 2207 2796 discendoque
2253 2698 2480 2796 posita
2527 2707 2654 2774 est.
2755 2700 3026 2774 Docent
3065 2725 3185 2789 ea,
3235 2700 3327 2774 ad
3371 2725 3550 2799 quae

522 2817 834 2890 docenda
890 2812 1191 2891 maxime
1260 2815 1483 2892 vocati
1548 2825 1757 2906 sunt,
1824 2816 2137 2893 doctores
2156 2873 2177 2903 ,
2242 2840 2382 2912 qua
2447 2840 2796 2916 quemque
2846 2818 3017 2892 libet
3069 2819 3331 2894 ratione
3350 2877 3370 2907 ‚
3420 2843 3549 2893 nee

520 2945 756 3012 tamen
804 2935 955 3009 aliis
978 2994 997 3024 ,
1049 2960 1228 3034 quae
1264 2942 1614 3035 praeterea
1657 2935 1855 3011 utilia
1896 2935 2201 3022 ducunt,
2254 2933 2600 3008 abstinere
2637 2943 2982 3034 coguntur
3001 2993 3020 3025 ,
3069 2961 3298 3036 neque
3340 2937 3551 3013 etiam
3627 2985 3632 2991 -

520 3056 609 3130 ad
665 3055 1091 3130 audiendum
1155 3054 1878 3154 frequentandumque
1938 3052 2405 3128 studiosorum
2466 3054 2838 3154 quisquam
2889 3055 3178 3155 cogitur.
3283 3057 3549 3131 Omnes

516 3176 728 3250 libere
750 3149 1037 3248 'vivunt
1093 3182 1306 3274 atque
1348 3176 1421 3250 in
1486 3174 1717 3250 studia
1756 3173 1973 3264 ⁸libere
2020 3172 2481 3262 incumbunt,
2531 3174 2764 3272 prouti
2809 3174 2944 3250 fert
2992 3175 3290 3252 animus.
3391 3177 3550 3251 Hoc

514 3295 728 3394 igitur
800 3295 1079 3369 nomine
1148 3321 1191 3370 a
1260 3295 1665 3371 scholastica
1736 3317 2017 3393 prorsus
2090 3292 2321 3367 differt
2385 3293 2805 3369 Academica
2861 3292 3209 3368 institutio
3227 3353 3247 3382 ,
3315 3295 3412 3369 ita
3466 3303 3550 3370 ut

514 3415 704 3514 quod
763 3416 836 3490 in
887 3415 1121 3516 pueris
1162 3415 1631 3490 necessarium
1676 3413 1805 3503 sit,
1863 3414 1939 3489 in
1990 3411 2359 3489 iuvenibus
2377 3470 2399 3501 ,
2458 3412 2553 3488 ad
2604 3399 2982 3512 quamdam
3022 3414 3270 3489 aetatis
3320 3423 3550 3491 matu-

512 3536 788 3610 ritatem
830 3535 1168 3634 provectis
1188 3593 1210 3624 ,
1277 3534 1519 3610 servile
1568 3534 1925 3611 habeatur.
2028 3533 2194 3608 Sine
2244 3557 2385 3631 qua
2432 3532 2750 3608 libertate
2770 3592 2790 3621 ‚
2843 3556 3055 3630 quam
3109 3541 3341 3608 tamen
3387 3559 3552 3611 cave

512 3681 602 3730 ne
666 3681 829 3734 cum
897 3656 1173 3731 licentia
1237 3655 1481 3754 quavis
1543 3653 1962 3743 confundas,
2028 3660 2153 3728 aut
2201 3651 2398 3727 fallor
2446 3652 2774 3750 equidem
2794 3710 2814 3740 ‚
2867 3659 2990 3727 aut
3034 3653 3227 3728 nulla
3269 3677 3550 3753 prorsus

512 3775 801 3875 cogitari
856 3782 1087 3874 potest
1155 3775 1295 3850 veri
1366 3774 1667 3849 nominis
1726 3772 2089 3848 institutio,
2204 3773 2455 3870 Neque
2509 3777 2653 3859 est,
2703 3771 3116 3880 Auditoresl
3171 3774 3361 3869 quod
3415 3775 3546 3848 Ec·
3607 3793 3612 3798 “

516 3895 725 3969 clesia
794 3894 1190 3972 Christiana
1259 3895 1439 3972 hanc
1510 3895 1584 3968 in
1646 3893 1899 3968 futuris
1968 3892 2142 3968 suis.
2173 3888 2608 3990 antistitibus
2657 3889 3110 3964 informandis
3154 3889 3544 3966 libertatem

517 4037 719 4111 aegre
759 4013 934 4090 ferat
985 4039 1279 4114 eamque
1321 4022 1664 4116 gravetur.
1762 4015 1893 4090 Est
1935 4011 2123 4088 enim
2162 4011 2315 4113 ipsa
2352 4008 2783 4085 liberrimum
2822 4010 2959 4084 Dei
3003 4008 3190 4084 hisce
3233 4009 3307 4084 in
3348 4012 3547 4087 terris

517 4131 917 4208 institutum
935 4191 957 4222 ,
1025 4135 1115 4210 ab
1175 4135 1369 4212 omni
1435 4132 1785 4212 servitutis
1837 4131 2064 4233 specie
2123 4129 2628 4208 alienissimum
2687 4137 2899 4228 atque
2949 4129 3042 4205 ad
3092 4154 3321 4210 veram
3369 4131 3551 4206 inter

518 4250 834 4326 homines
904 4255 1439 4352 promovendam
1496 4255 1887 4331 libertatem
1938 4251 2249 4354 apprime
2290 4248 2775 4350 compositum.
2874 4249 2971 4324 Et
3015 4250 3189 4326 tales
3231 4251 3550 4351 inprimis

518 4370 653 4444 sibi
690 4377 971 4469 exoptat
1014 4371 1089 4445 in
1134 4373 1321 4448 diem
1362 4375 1587 4474 magis
1628 4372 1975 4450 antistites
2016 4377 2089 4448 et
2136 4371 2449 4446 doctores
2468 4427 2494 4460 ,
2542 4368 2667 4470 qui
2711 4392 2852 4444 non
2894 4391 3072 4468 quae
3125 4369 3260 4444 sibi
3297 4369 3550 4444 tradita

519 4499 591 4563 et
646 4514 689 4563 a
752 4489 1067 4590 patribus
1106 4501 1385 4590 accepta
1424 4493 1683 4569 habent
1728 4492 2079 4592 religionis
2128 4487 2564 4568 Christianae
2603 4488 2858 4588 placita
2898 4487 3229 4562 memoria
3277 4495 3550 4564 tantum

517 4616 799 4683 teneant
860 4618 933 4684 et
992 4635 1123 4720 sua
1189 4611 1335 4686 vice
1392 4613 1668 4688 tradant
1721 4612 1875 4687 aliis
1891 4669 1914 4701 ,
1974 4619 2099 4688 aut
2152 4610 2227 4684 in
2270 4607 2482 4684 verba
2524 4606 2840 4705 magistri
2883 4604 3248 4681 cuiusdam
3294 4607 3548 4706 qualis·

518 4751 793 4826 cunque
878 4729 1163 4805 tandem
1238 4729 1464 4806 iurare
1541 4730 2019 4806 consueverint
2035 4786 2058 4819 ,
2137 4727 2263 4804 sed
2334 4726 2460 4826 qui
2477 4783 2500 4815 ,
2561 4723 3046 4824 praeiudicatis
3108 4725 3550 4825 opinionibus

522 4848 717 4924 vacui
738 4907 759 4939 ,
832 4849 1057 4949 ipsam
1121 4849 1473 4949 religionis
1532 4849 1917 4928 doctrinam
1973 4871 2225 4952 puram
2285 4855 2359 4924 et
2402 4844 2890 4924 intaminatam
2935 4869 2976 4922 e
3029 4845 3315 4947 limpido
3363 4847 3551 4928 Sacri
