<?xml version="1.0" encoding="UTF-8"?>
<!DOCTYPE html PUBLIC "-//W3C//DTD XHTML 1.0 Transitional//EN"
    "http://www.w3.org/TR/xhtml1/DTD/xhtml1-transitional.dtd">
<html xmlns="http://www.w3.org/1999/xhtml" xml:lang="en" lang="en">
 <head>
  <title>
</title>
<meta http-equiv="Content-Type" content="text/html;charset=utf-8" />
  <meta name='ocr-system' content='tesseract 3.04.00' />
  <meta name='ocr-capabilities' content='ocr_page ocr_carea ocr_par ocr_line ocrx_word'/>
</head>
<body>
  <div class='ocr_page' id='page_1' title='image "annalesacademic37unkngoog_0071.png"; bbox 0 0 4934 6184; ppageno 0'>
   <div class='ocr_carea' id='block_1_1' title="bbox 1737 677 3540 747">
    <p class='ocr_par' dir='ltr' id='par_1_1' title="bbox 1737 677 3540 747">
     <span class='ocr_line' id='line_1_1' title="bbox 1737 677 3540 747; baseline -0.002 -2"><span class='ocrx_word' id='word_1_1' title='bbox 1737 679 2295 747; x_wconf 84' lang='lat' dir='ltr'><strong>ORATIO.</strong></span> <span class='ocrx_word' id='word_1_2' title='bbox 3455 677 3540 742; x_wconf 83' lang='lat'><strong>61</strong></span> 
     </span>
    </p>
   </div>
   <div class='ocr_carea' id='block_1_2' title="bbox 428 884 3542 4939">
    <p class='ocr_par' dir='ltr' id='par_1_2' title="bbox 428 884 3536 3860">
     <span class='ocr_line' id='line_1_2' title="bbox 500 884 3523 994; baseline -0.003 -23"><span class='ocrx_word' id='word_1_3' title='bbox 500 893 605 970; x_wconf 84' lang='lat' dir='ltr'><strong>vir</strong></span> <span class='ocrx_word' id='word_1_4' title='bbox 661 891 959 994; x_wconf 80' lang='lat' dir='ltr'><strong>optime!</strong></span> <span class='ocrx_word' id='word_1_5' title='bbox 1027 887 1275 968; x_wconf 89' lang='lat' dir='ltr'><strong>eodem</strong></span> <span class='ocrx_word' id='word_1_6' title='bbox 1330 911 1446 964; x_wconf 89' lang='lat' dir='ltr'><strong>me</strong></span> <span class='ocrx_word' id='word_1_7' title='bbox 1506 885 1843 990; x_wconf 73' lang='lat' dir='ltr'>collegam</span> <span class='ocrx_word' id='word_1_8' title='bbox 1885 913 2119 965; x_wconf 89' lang='lat' dir='ltr'><strong>amore</strong></span> <span class='ocrx_word' id='word_1_9' title='bbox 2164 908 2578 989; x_wconf 75' lang='lat' dir='ltr'>prosequare</span> <span class='ocrx_word' id='word_1_10' title='bbox 2600 942 2621 975; x_wconf 90' lang='lat'><strong>,</strong></span> <span class='ocrx_word' id='word_1_11' title='bbox 2687 908 2830 984; x_wconf 90' lang='lat' dir='ltr'><strong>quo</strong></span> <span class='ocrx_word' id='word_1_12' title='bbox 2876 884 3296 986; x_wconf 87' lang='lat' dir='ltr'><strong>discipulum</strong></span> <span class='ocrx_word' id='word_1_13' title='bbox 3338 909 3523 962; x_wconf 88' lang='lat' dir='ltr'><strong>com-</strong></span> 
     </span>
     <span class='ocr_line' id='line_1_3' title="bbox 500 1003 3528 1114; baseline -0.003 -24"><span class='ocrx_word' id='word_1_14' title='bbox 500 1015 751 1114; x_wconf 84' lang='lat' dir='ltr'><strong>plexus</strong></span> <span class='ocrx_word' id='word_1_15' title='bbox 798 1014 911 1089; x_wconf 90' lang='lat' dir='ltr'><strong>esl</strong></span> <span class='ocrx_word' id='word_1_16' title='bbox 981 1009 1322 1111; x_wconf 87' lang='lat' dir='ltr'><strong>Exemplo</strong></span> <span class='ocrx_word' id='word_1_17' title='bbox 1370 1007 1523 1085; x_wconf 90' lang='lat' dir='ltr'><strong>Tuo</strong></span> <span class='ocrx_word' id='word_1_18' title='bbox 1568 1032 1685 1085; x_wconf 87' lang='lat' dir='ltr'><strong>me</strong></span> <span class='ocrx_word' id='word_1_19' title='bbox 1706 1067 1729 1098; x_wconf 90' lang='lat'><strong>,</strong></span> <span class='ocrx_word' id='word_1_20' title='bbox 1776 1032 1918 1109; x_wconf 89' lang='lat' dir='ltr'><strong>quo</strong></span> <span class='ocrx_word' id='word_1_21' title='bbox 1965 1007 2241 1085; x_wconf 77' lang='lat' dir='ltr'><strong>tramite</strong></span> <span class='ocrx_word' id='word_1_22' title='bbox 2286 1005 2599 1082; x_wconf 87' lang='lat' dir='ltr'><strong>eundum</strong></span> <span class='ocrx_word' id='word_1_23' title='bbox 2647 1004 2777 1096; x_wconf 90' lang='lat' dir='ltr'><strong>sit,</strong></span> <span class='ocrx_word' id='word_1_24' title='bbox 2826 1015 3134 1082; x_wconf 86' lang='lat' dir='ltr'><strong>monstra</strong></span> <span class='ocrx_word' id='word_1_25' title='bbox 3181 1003 3490 1105; x_wconf 82' lang='lat' dir='ltr'><strong>quotidie</strong></span> <span class='ocrx_word' id='word_1_26' title='bbox 3507 1061 3528 1092; x_wconf 89' lang='lat'><strong>,</strong></span> 
     </span>
     <span class='ocr_line' id='line_1_4' title="bbox 502 1122 3527 1229; baseline -0.004 -20"><span class='ocrx_word' id='word_1_27' title='bbox 502 1142 583 1209; x_wconf 95' lang='lat' dir='ltr'><strong>ut</strong></span> <span class='ocrx_word' id='word_1_28' title='bbox 624 1157 913 1210; x_wconf 87' lang='lat' dir='ltr'><strong>munere</strong></span> <span class='ocrx_word' id='word_1_29' title='bbox 957 1156 1116 1208; x_wconf 90' lang='lat' dir='ltr'><strong>meo</strong></span> <span class='ocrx_word' id='word_1_30' title='bbox 1160 1138 1423 1228; x_wconf 85' lang='lat' dir='ltr'><strong>tuaque</strong></span> <span class='ocrx_word' id='word_1_31' title='bbox 1479 1126 1781 1205; x_wconf 90' lang='lat' dir='ltr'><strong>amicitia</strong></span> <span class='ocrx_word' id='word_1_32' title='bbox 1822 1127 2195 1229; x_wconf 87' lang='lat' dir='ltr'><strong>aliquando</strong></span> <span class='ocrx_word' id='word_1_33' title='bbox 2234 1125 2508 1226; x_wconf 83' lang='lat' dir='ltr'>dignior</span> <span class='ocrx_word' id='word_1_34' title='bbox 2547 1125 2870 1200; x_wconf 75' lang='lat' dir='ltr'><strong>evadam!</strong></span> <span class='ocrx_word' id='word_1_35' title='bbox 2950 1125 3045 1200; x_wconf 87' lang='lat' dir='ltr'><strong>Et</strong></span> <span class='ocrx_word' id='word_1_36' title='bbox 3093 1123 3220 1200; x_wconf 86' lang='lat' dir='ltr'><strong>diu</strong></span> <span class='ocrx_word' id='word_1_37' title='bbox 3257 1122 3488 1200; x_wconf 90' lang='lat' dir='ltr'><strong>adhuc</strong></span> <span class='ocrx_word' id='word_1_38' title='bbox 3504 1182 3527 1212; x_wconf 94' lang='lat'><strong>,</strong></span> 
     </span>
     <span class='ocr_line' id='line_1_5' title="bbox 500 1245 3526 1344; baseline -0.003 -16"><span class='ocrx_word' id='word_1_39' title='bbox 500 1253 643 1330; x_wconf 90' lang='lat' dir='ltr'><strong>imo</strong></span> <span class='ocrx_word' id='word_1_40' title='bbox 706 1252 1097 1328; x_wconf 87' lang='lat' dir='ltr'><strong>diutissime</strong></span> <span class='ocrx_word' id='word_1_41' title='bbox 1114 1309 1139 1342; x_wconf 92' lang='lat'><strong>,</strong></span> <span class='ocrx_word' id='word_1_42' title='bbox 1199 1250 1275 1324; x_wconf 91' lang='lat' dir='ltr'><strong>in</strong></span> <span class='ocrx_word' id='word_1_43' title='bbox 1327 1247 1745 1325; x_wconf 71' lang='lat' dir='ltr'><strong>Academiae</strong></span> <span class='ocrx_word' id='word_1_44' title='bbox 1804 1257 2079 1324; x_wconf 88' lang='lat' dir='ltr'><strong>nostrae</strong></span> <span class='ocrx_word' id='word_1_45' title='bbox 2130 1248 2586 1344; x_wconf 70' lang='lat' dir='ltr'><strong>Gflmanue</strong></span> <span class='ocrx_word' id='word_1_46' title='bbox 2641 1247 2816 1322; x_wconf 88' lang='lat' dir='ltr'><strong>adeo</strong></span> <span class='ocrx_word' id='word_1_47' title='bbox 2863 1245 3210 1322; x_wconf 76' lang='lat' dir='ltr'><strong>Ecclesiae</strong></span> <span class='ocrx_word' id='word_1_48' title='bbox 3266 1245 3526 1321; x_wconf 90' lang='lat' dir='ltr'><strong>emolu·</strong></span> 
     </span>
     <span class='ocr_line' id='line_1_6' title="bbox 499 1365 3527 1466; baseline -0.003 -19"><span class='ocrx_word' id='word_1_49' title='bbox 499 1379 819 1447; x_wconf 88' lang='lat' dir='ltr'><strong>mentum</strong></span> <span class='ocrx_word' id='word_1_50' title='bbox 884 1373 985 1446; x_wconf 89' lang='lat' dir='ltr'><strong>Te</strong></span> <span class='ocrx_word' id='word_1_51' title='bbox 1040 1371 1237 1446; x_wconf 89' lang='lat' dir='ltr'><strong>Deus</strong></span> <span class='ocrx_word' id='word_1_52' title='bbox 1302 1377 1665 1445; x_wconf 87' lang='lat' dir='ltr'><strong>conservet</strong></span> <span class='ocrx_word' id='word_1_53' title='bbox 1724 1375 1799 1444; x_wconf 91' lang='lat' dir='ltr'><strong>et</strong></span> <span class='ocrx_word' id='word_1_54' title='bbox 1860 1368 2129 1444; x_wconf 84' lang='lat' dir='ltr'><strong>salvum</strong></span> <span class='ocrx_word' id='word_1_55' title='bbox 2191 1390 2549 1466; x_wconf 81' lang='lat' dir='ltr'><strong>superesse</strong></span> <span class='ocrx_word' id='word_1_56' title='bbox 2607 1365 2793 1441; x_wconf 85' lang='lat' dir='ltr'><strong>velit.</strong></span> <span class='ocrx_word' id='word_1_57' title='bbox 2845 1395 2954 1428; x_wconf 57' lang='grc' dir='ltr'><strong>ι-</strong></span> <span class='ocrx_word' id='word_1_58' title='bbox 3000 1365 3160 1440; x_wconf 91' lang='lat' dir='ltr'><strong>Tibi</strong></span> <span class='ocrx_word' id='word_1_59' title='bbox 3203 1388 3482 1464; x_wconf 90' lang='lat' dir='ltr'><strong>quoque</strong></span> <span class='ocrx_word' id='word_1_60' title='bbox 3504 1422 3527 1453; x_wconf 90' lang='lat'><strong>,</strong></span> 
     </span>
     <span class='ocr_line' id='line_1_7' title="bbox 503 1484 3527 1583; baseline -0.002 -20"><span class='ocrx_word' id='word_1_61' title='bbox 503 1487 899 1565; x_wconf 84' lang='lat' dir='ltr'><strong>doctissime</strong></span> <span class='ocrx_word' id='word_1_62' title='bbox 960 1484 1417 1560; x_wconf 70' lang='lat' dir='ltr'><strong>Senonum!</strong></span> <span class='ocrx_word' id='word_1_63' title='bbox 1479 1509 1593 1561; x_wconf 91' lang='lat' dir='ltr'><strong>me</strong></span> <span class='ocrx_word' id='word_1_64' title='bbox 1642 1487 1783 1562; x_wconf 90' lang='lat' dir='ltr'><strong>iam</strong></span> <span class='ocrx_word' id='word_1_65' title='bbox 1833 1485 2024 1562; x_wconf 86' lang='lat' dir='ltr'><strong>haud</strong></span> <span class='ocrx_word' id='word_1_66' title='bbox 2072 1509 2215 1560; x_wconf 90' lang='lat' dir='ltr'><strong>uno</strong></span> <span class='ocrx_word' id='word_1_67' title='bbox 2257 1484 2538 1559; x_wconf 87' lang='lat' dir='ltr'><strong>nomine</strong></span> <span class='ocrx_word' id='word_1_68' title='bbox 2591 1484 2987 1562; x_wconf 88' lang='lat' dir='ltr'><strong>devinctum</strong></span> <span class='ocrx_word' id='word_1_69' title='bbox 3037 1485 3278 1560; x_wconf 89' lang='lat' dir='ltr'><strong>sentio.</strong></span> <span class='ocrx_word' id='word_1_70' title='bbox 3380 1484 3527 1583; x_wconf 90' lang='lat' dir='ltr'><strong>Op-</strong></span> 
     </span>
     <span class='ocr_line' id='line_1_8' title="bbox 428 1603 3528 1703; baseline -0.002 -19"><span class='ocrx_word' id='word_1_71' title='bbox 428 1641 431 1646; x_wconf 95' lang='lat'>·</span> <span class='ocrx_word' id='word_1_72' title='bbox 500 1609 751 1684; x_wconf 89' lang='lat' dir='ltr'><strong>timam</strong></span> <span class='ocrx_word' id='word_1_73' title='bbox 816 1607 1042 1682; x_wconf 90' lang='lat' dir='ltr'><strong>Tuam</strong></span> <span class='ocrx_word' id='word_1_74' title='bbox 1102 1605 1191 1680; x_wconf 87' lang='lat' dir='ltr'><strong>de</strong></span> <span class='ocrx_word' id='word_1_75' title='bbox 1246 1627 1361 1679; x_wconf 89' lang='lat' dir='ltr'><strong>me</strong></span> <span class='ocrx_word' id='word_1_76' title='bbox 1419 1603 1813 1702; x_wconf 87' lang='lat' dir='ltr'><strong>opinionem</strong></span> <span class='ocrx_word' id='word_1_77' title='bbox 1836 1662 1859 1695; x_wconf 92' lang='lat'><strong>,</strong></span> <span class='ocrx_word' id='word_1_78' title='bbox 1910 1605 2109 1680; x_wconf 85' lang='lat' dir='ltr'><strong>cuius</strong></span> <span class='ocrx_word' id='word_1_79' title='bbox 2161 1603 2304 1679; x_wconf 90' lang='lat' dir='ltr'><strong>iam</strong></span> <span class='ocrx_word' id='word_1_80' title='bbox 2356 1603 2622 1703; x_wconf 81' lang='lat' dir='ltr'><strong>aliquot</strong></span> <span class='ocrx_word' id='word_1_81' title='bbox 2669 1611 2830 1680; x_wconf 86' lang='lat' dir='ltr'><strong>ante</strong></span> <span class='ocrx_word' id='word_1_82' title='bbox 2871 1604 3072 1680; x_wconf 88' lang='lat' dir='ltr'><strong>annis</strong></span> <span class='ocrx_word' id='word_1_83' title='bbox 3119 1603 3376 1679; x_wconf 86' lang='lat' dir='ltr'><strong>indicia</strong></span> <span class='ocrx_word' id='word_1_84' title='bbox 3415 1629 3528 1678; x_wconf 88' lang='lat' dir='ltr'><strong>ac-</strong></span> 
     </span>
     <span class='ocr_line' id='line_1_9' title="bbox 504 1709 3532 1827; baseline -0.002 -25"><span class='ocrx_word' id='word_1_85' title='bbox 504 1727 808 1827; x_wconf 86' lang='lat' dir='ltr'><strong>ceperim</strong></span> <span class='ocrx_word' id='word_1_86' title='bbox 830 1783 851 1816; x_wconf 91' lang='lat'><strong>,</strong></span> <span class='ocrx_word' id='word_1_87' title='bbox 900 1723 1190 1802; x_wconf 82' lang='lat' dir='ltr'><strong>maximi</strong></span> <span class='ocrx_word' id='word_1_88' title='bbox 1224 1722 1551 1826; x_wconf 78' lang='lat' dir='ltr'><strong>equidem</strong></span> <span class='ocrx_word' id='word_1_89' title='bbox 1588 1723 1720 1800; x_wconf 87' lang='lat' dir='ltr'><strong>feci</strong></span> <span class='ocrx_word' id='word_1_90' title='bbox 1735 1783 1758 1815; x_wconf 93' lang='lat'><strong>,</strong></span> <span class='ocrx_word' id='word_1_91' title='bbox 1804 1731 1878 1800; x_wconf 90' lang='lat' dir='ltr'><strong>et</strong></span> <span class='ocrx_word' id='word_1_92' title='bbox 1912 1749 2091 1826; x_wconf 88' lang='lat' dir='ltr'><strong>quae</strong></span> <span class='ocrx_word' id='word_1_93' title='bbox 2130 1730 2371 1825; x_wconf 88' lang='lat' dir='ltr'><strong>postea</strong></span> <span class='ocrx_word' id='word_1_94' title='bbox 2402 1729 2474 1798; x_wconf 90' lang='lat' dir='ltr'><strong>et</strong></span> <span class='ocrx_word' id='word_1_95' title='bbox 2511 1747 2750 1798; x_wconf 89' lang='lat' dir='ltr'><strong>recens</strong></span> <span class='ocrx_word' id='word_1_96' title='bbox 2781 1722 3010 1800; x_wconf 90' lang='lat' dir='ltr'><strong>adhuc</strong></span> <span class='ocrx_word' id='word_1_97' title='bbox 3035 1709 3208 1798; x_wconf 83' lang='lat' dir='ltr'><strong>mihi</strong></span> <span class='ocrx_word' id='word_1_98' title='bbox 3237 1721 3493 1798; x_wconf 88' lang='lat' dir='ltr'><strong>dedisti</strong></span> <span class='ocrx_word' id='word_1_99' title='bbox 3509 1781 3532 1812; x_wconf 90' lang='lat'><strong>,</strong></span> 
     </span>
     <span class='ocr_line' id='line_1_10' title="bbox 501 1840 3532 1978; baseline -0.002 -57"><span class='ocrx_word' id='word_1_100' title='bbox 501 1845 845 1922; x_wconf 78' lang='lat' dir='ltr'><strong>amicitiae</strong></span> <span class='ocrx_word' id='word_1_101' title='bbox 908 1843 1305 1921; x_wconf 87' lang='lat' dir='ltr'><strong>testimonia</strong></span> <span class='ocrx_word' id='word_1_102' title='bbox 1367 1851 1566 1943; x_wconf 90' lang='lat' dir='ltr'><strong>grato</strong></span> <span class='ocrx_word' id='word_1_103' title='bbox 1630 1843 1863 1918; x_wconf 80' lang='lat' dir='ltr'><strong>animo</strong></span> <span class='ocrx_word' id='word_1_104' title='bbox 1933 1843 2205 1978; x_wconf 78' lang='lat' dir='ltr'><strong>agnovi.</strong></span> <span class='ocrx_word' id='word_1_105' title='bbox 2326 1841 2465 1916; x_wconf 88' lang='lat' dir='ltr'><strong>His</strong></span> <span class='ocrx_word' id='word_1_106' title='bbox 2527 1840 2640 1916; x_wconf 92' lang='lat' dir='ltr'><strong>Tu</strong></span> <span class='ocrx_word' id='word_1_107' title='bbox 2704 1840 3238 1918; x_wconf 90' lang='lat' dir='ltr'><strong>sollicitudinem</strong></span> <span class='ocrx_word' id='word_1_108' title='bbox 3301 1865 3532 1916; x_wconf 88' lang='lat' dir='ltr'><strong>meam</strong></span> 
     </span>
     <span class='ocr_line' id='line_1_11' title="bbox 504 1956 3534 2064; baseline -0.002 -22"><span class='ocrx_word' id='word_1_109' title='bbox 504 1965 917 2054; x_wconf 80' lang='lat' dir='ltr'><strong>sublevasti,</strong></span> <span class='ocrx_word' id='word_1_110' title='bbox 985 1989 1077 2042; x_wconf 89' lang='lat' dir='ltr'><strong>ne</strong></span> <span class='ocrx_word' id='word_1_111' title='bbox 1144 1963 1269 2042; x_wconf 86' lang='lat' dir='ltr'><strong>tali</strong></span> <span class='ocrx_word' id='word_1_112' title='bbox 1340 1969 1673 2064; x_wconf 84' lang='lat' dir='ltr'><strong>tantoque</strong></span> <span class='ocrx_word' id='word_1_113' title='bbox 1736 1963 2037 2064; x_wconf 77' lang='lat' dir='ltr'><strong>collegae</strong></span> <span class='ocrx_word' id='word_1_114' title='bbox 2101 1963 2326 2062; x_wconf 87' lang='lat' dir='ltr'><strong>impar</strong></span> <span class='ocrx_word' id='word_1_115' title='bbox 2392 1961 2547 2036; x_wconf 88' lang='lat' dir='ltr'><strong>sim.</strong></span> <span class='ocrx_word' id='word_1_116' title='bbox 2670 1962 2930 2037; x_wconf 84' lang='lat' dir='ltr'><strong>Omnes</strong></span> <span class='ocrx_word' id='word_1_117' title='bbox 2954 1956 3077 2036; x_wconf 73' lang='lat' dir='ltr'><strong>&#39;Te</strong></span> <span class='ocrx_word' id='word_1_118' title='bbox 3122 1968 3534 2036; x_wconf 87' lang='lat' dir='ltr'><strong>venerantur</strong></span> 
     </span>
     <span class='ocr_line' id='line_1_12' title="bbox 498 2079 3532 2182; baseline -0.002 -21"><span class='ocrx_word' id='word_1_119' title='bbox 498 2085 847 2161; x_wconf 84' lang='lat' dir='ltr'><strong>doctrinae</strong></span> <span class='ocrx_word' id='word_1_120' title='bbox 896 2091 1225 2160; x_wconf 89' lang='lat' dir='ltr'><strong>statorem</strong></span> <span class='ocrx_word' id='word_1_121' title='bbox 1271 2108 1353 2158; x_wconf 91' lang='lat' dir='ltr'><strong>ac</strong></span> <span class='ocrx_word' id='word_1_122' title='bbox 1396 2082 1783 2175; x_wconf 88' lang='lat' dir='ltr'><strong>vindicem,</strong></span> <span class='ocrx_word' id='word_1_123' title='bbox 1846 2085 2082 2182; x_wconf 81' lang='lat' dir='ltr'><strong>Teque</strong></span> <span class='ocrx_word' id='word_1_124' title='bbox 2126 2083 2383 2159; x_wconf 85' lang='lat' dir='ltr'><strong>cariore</strong></span> <span class='ocrx_word' id='word_1_125' title='bbox 2423 2104 2564 2156; x_wconf 90' lang='lat' dir='ltr'><strong>non</strong></span> <span class='ocrx_word' id='word_1_126' title='bbox 2623 2087 2920 2157; x_wconf 89' lang='lat' dir='ltr'><strong>utuntur</strong></span> <span class='ocrx_word' id='word_1_127' title='bbox 2971 2079 3343 2181; x_wconf 88' lang='lat' dir='ltr'><strong>magistro,</strong></span> <span class='ocrx_word' id='word_1_128' title='bbox 3405 2081 3532 2181; x_wconf 91' lang='lat' dir='ltr'><strong>qui</strong></span> 
     </span>
     <span class='ocr_line' id='line_1_13' title="bbox 499 2200 3530 2304; baseline -0.001 -26"><span class='ocrx_word' id='word_1_129' title='bbox 499 2203 913 2304; x_wconf 88' lang='lat' dir='ltr'><strong>Theologiae</strong></span> <span class='ocrx_word' id='word_1_130' title='bbox 987 2227 1268 2304; x_wconf 87' lang='lat' dir='ltr'><strong>operam</strong></span> <span class='ocrx_word' id='word_1_131' title='bbox 1334 2201 1507 2278; x_wconf 89' lang='lat' dir='ltr'><strong>dant</strong></span> <span class='ocrx_word' id='word_1_132' title='bbox 1568 2203 1645 2279; x_wconf 91' lang='lat' dir='ltr'><strong>in</strong></span> <span class='ocrx_word' id='word_1_133' title='bbox 1713 2203 1843 2278; x_wconf 88' lang='lat' dir='ltr'><strong>hac</strong></span> <span class='ocrx_word' id='word_1_134' title='bbox 1901 2202 2282 2279; x_wconf 78' lang='lat' dir='ltr'><strong>Academia</strong></span> <span class='ocrx_word' id='word_1_135' title='bbox 2342 2201 2626 2276; x_wconf 89' lang='lat' dir='ltr'><strong>iuvenes</strong></span> <span class='ocrx_word' id='word_1_136' title='bbox 2690 2200 2958 2301; x_wconf 87' lang='lat' dir='ltr'><strong>optimi.</strong></span> <span class='ocrx_word' id='word_1_137' title='bbox 3056 2203 3212 2276; x_wconf 92' lang='lat' dir='ltr'><strong>Iam</strong></span> <span class='ocrx_word' id='word_1_138' title='bbox 3283 2226 3399 2276; x_wconf 90' lang='lat' dir='ltr'><strong>me</strong></span> <span class='ocrx_word' id='word_1_139' title='bbox 3453 2201 3530 2274; x_wconf 90' lang='lat' dir='ltr'><strong>in</strong></span> 
     </span>
     <span class='ocr_line' id='line_1_14' title="bbox 506 2320 3535 2424; baseline -0.001 -25"><span class='ocrx_word' id='word_1_140' title='bbox 506 2325 944 2402; x_wconf 85' lang='lat' dir='ltr'><strong>sodalitatem</strong></span> <span class='ocrx_word' id='word_1_141' title='bbox 1005 2325 1231 2401; x_wconf 90' lang='lat' dir='ltr'><strong>Tuam</strong></span> <span class='ocrx_word' id='word_1_142' title='bbox 1293 2323 1672 2401; x_wconf 85' lang='lat' dir='ltr'><strong>benevolus</strong></span> <span class='ocrx_word' id='word_1_143' title='bbox 1724 2322 1995 2424; x_wconf 89' lang='lat' dir='ltr'><strong>recipe,</strong></span> <span class='ocrx_word' id='word_1_144' title='bbox 2056 2347 2348 2421; x_wconf 90' lang='lat' dir='ltr'><strong>meque,</strong></span> <span class='ocrx_word' id='word_1_145' title='bbox 2412 2322 2512 2398; x_wconf 90' lang='lat' dir='ltr'><strong>Te</strong></span> <span class='ocrx_word' id='word_1_146' title='bbox 2553 2321 2758 2421; x_wconf 91' lang='lat' dir='ltr'><strong>longe</strong></span> <span class='ocrx_word' id='word_1_147' title='bbox 2795 2321 3234 2410; x_wconf 85' lang='lat' dir='ltr'><strong>inferiorem,</strong></span> <span class='ocrx_word' id='word_1_148' title='bbox 3281 2327 3358 2396; x_wconf 88' lang='lat' dir='ltr'><strong>at</strong></span> <span class='ocrx_word' id='word_1_149' title='bbox 3397 2320 3535 2395; x_wconf 91' lang='lat' dir='ltr'><strong>Tui</strong></span> 
     </span>
     <span class='ocr_line' id='line_1_15' title="bbox 502 2440 3534 2542; baseline -0.002 -22"><span class='ocrx_word' id='word_1_150' title='bbox 502 2445 1087 2522; x_wconf 88' lang='lat' dir='ltr'><strong>studiosissimum</strong></span> <span class='ocrx_word' id='word_1_151' title='bbox 1116 2503 1137 2533; x_wconf 95' lang='lat'><strong>,</strong></span> <span class='ocrx_word' id='word_1_152' title='bbox 1206 2444 1508 2520; x_wconf 88' lang='lat' dir='ltr'><strong>amicitia</strong></span> <span class='ocrx_word' id='word_1_153' title='bbox 1548 2446 1705 2520; x_wconf 89' lang='lat' dir='ltr'><strong>Tua</strong></span> <span class='ocrx_word' id='word_1_154' title='bbox 1743 2443 2075 2519; x_wconf 87' lang='lat' dir='ltr'><strong>honorare</strong></span> <span class='ocrx_word' id='word_1_155' title='bbox 2124 2444 2396 2542; x_wconf 77' lang='lat' dir='ltr'><strong>pergel&#39;</strong></span> <span class='ocrx_word' id='word_1_156' title='bbox 2422 2487 2524 2504; x_wconf 88' lang='lat'><strong>-—</strong></span> <span class='ocrx_word' id='word_1_157' title='bbox 2568 2445 2806 2542; x_wconf 89' lang='lat' dir='ltr'><strong>Atque</strong></span> <span class='ocrx_word' id='word_1_158' title='bbox 2851 2443 2950 2519; x_wconf 90' lang='lat' dir='ltr'><strong>ita</strong></span> <span class='ocrx_word' id='word_1_159' title='bbox 2995 2465 3108 2516; x_wconf 88' lang='lat' dir='ltr'><strong>me</strong></span> <span class='ocrx_word' id='word_1_160' title='bbox 3151 2440 3312 2515; x_wconf 83' lang='lat' dir='ltr'><strong>Tibi</strong></span> <span class='ocrx_word' id='word_1_161' title='bbox 3362 2464 3534 2541; x_wconf 90' lang='lat' dir='ltr'><strong>quo-</strong></span> 
     </span>
     <span class='ocr_line' id='line_1_16' title="bbox 500 2560 3534 2666; baseline -0.002 -26"><span class='ocrx_word' id='word_1_162' title='bbox 500 2591 640 2666; x_wconf 91' lang='lat' dir='ltr'><strong>que</strong></span> <span class='ocrx_word' id='word_1_163' title='bbox 690 2573 1043 2665; x_wconf 88' lang='lat' dir='ltr'><strong>superest,</strong></span> <span class='ocrx_word' id='word_1_164' title='bbox 1115 2572 1195 2639; x_wconf 90' lang='lat' dir='ltr'><strong>ut</strong></span> <span class='ocrx_word' id='word_1_165' title='bbox 1244 2564 1725 2640; x_wconf 89' lang='lat' dir='ltr'><strong>commendem</strong></span> <span class='ocrx_word' id='word_1_166' title='bbox 1742 2623 1763 2653; x_wconf 95' lang='lat'><strong>,</strong></span> <span class='ocrx_word' id='word_1_167' title='bbox 1825 2562 2239 2639; x_wconf 87' lang='lat' dir='ltr'><strong>amicissime</strong></span> <span class='ocrx_word' id='word_1_168' title='bbox 2282 2561 2666 2640; x_wconf 69' lang='lat' dir='ltr'><strong>Kusmtml</strong></span> <span class='ocrx_word' id='word_1_169' title='bbox 2717 2562 2878 2661; x_wconf 92' lang='lat' dir='ltr'><strong>qui,</strong></span> <span class='ocrx_word' id='word_1_170' title='bbox 2928 2560 3220 2637; x_wconf 90' lang='lat' dir='ltr'><strong>eandem</strong></span> <span class='ocrx_word' id='word_1_171' title='bbox 3261 2582 3534 2636; x_wconf 88' lang='lat' dir='ltr'><strong>mecum</strong></span> 
     </span>
     <span class='ocr_line' id='line_1_17' title="bbox 497 2679 3536 2783; baseline -0.002 -25"><span class='ocrx_word' id='word_1_172' title='bbox 497 2684 918 2783; x_wconf 89' lang='lat' dir='ltr'><strong>provinciam</strong></span> <span class='ocrx_word' id='word_1_173' title='bbox 991 2691 1237 2758; x_wconf 86' lang='lat' dir='ltr'><strong>nactus</strong></span> <span class='ocrx_word' id='word_1_174' title='bbox 1257 2740 1277 2771; x_wconf 94' lang='lat'><strong>,</strong></span> <span class='ocrx_word' id='word_1_175' title='bbox 1344 2683 1495 2758; x_wconf 87' lang='lat' dir='ltr'><strong>sine</strong></span> <span class='ocrx_word' id='word_1_176' title='bbox 1553 2707 1747 2758; x_wconf 91' lang='lat' dir='ltr'><strong>mora</strong></span> <span class='ocrx_word' id='word_1_177' title='bbox 1784 2682 2021 2758; x_wconf 75' lang='lat' dir='ltr'><strong>literis</strong></span> <span class='ocrx_word' id='word_1_178' title='bbox 2070 2680 2301 2757; x_wconf 89' lang='lat' dir='ltr'><strong>missis</strong></span> <span class='ocrx_word' id='word_1_179' title='bbox 2348 2682 2524 2756; x_wconf 90' lang='lat' dir='ltr'><strong>mihi</strong></span> <span class='ocrx_word' id='word_1_180' title='bbox 2565 2682 2899 2781; x_wconf 88' lang='lat' dir='ltr'><strong>gratulari</strong></span> <span class='ocrx_word' id='word_1_181' title='bbox 2947 2682 3310 2779; x_wconf 78' lang='lat' dir='ltr'><strong>Tuamque</strong></span> <span class='ocrx_word' id='word_1_182' title='bbox 3359 2679 3536 2756; x_wconf 91' lang='lat' dir='ltr'><strong>mihi</strong></span> 
     </span>
     <span class='ocr_line' id='line_1_18' title="bbox 500 2797 3534 2900; baseline -0.001 -25"><span class='ocrx_word' id='word_1_183' title='bbox 500 2802 1049 2877; x_wconf 87' lang='lat' dir='ltr'><strong>benevolentiam</strong></span> <span class='ocrx_word' id='word_1_184' title='bbox 1112 2801 1501 2900; x_wconf 88' lang='lat' dir='ltr'><strong>significare</strong></span> <span class='ocrx_word' id='word_1_185' title='bbox 1568 2802 1758 2876; x_wconf 89' lang='lat' dir='ltr'><strong>haud</strong></span> <span class='ocrx_word' id='word_1_186' title='bbox 1818 2801 2237 2900; x_wconf 87' lang='lat' dir='ltr'><strong>dedignatus</strong></span> <span class='ocrx_word' id='word_1_187' title='bbox 2294 2825 2390 2876; x_wconf 89' lang='lat' dir='ltr'><strong>es.</strong></span> <span class='ocrx_word' id='word_1_188' title='bbox 2490 2802 2558 2875; x_wconf 90' lang='lat' dir='ltr'><strong>A</strong></span> <span class='ocrx_word' id='word_1_189' title='bbox 2599 2797 2740 2899; x_wconf 89' lang='lat' dir='ltr'><strong>quo</strong></span> <span class='ocrx_word' id='word_1_190' title='bbox 2783 2799 3034 2875; x_wconf 89' lang='lat' dir='ltr'><strong>deinde</strong></span> <span class='ocrx_word' id='word_1_191' title='bbox 3085 2807 3392 2898; x_wconf 87' lang='lat' dir='ltr'><strong>tempore</strong></span> <span class='ocrx_word' id='word_1_192' title='bbox 3435 2800 3534 2873; x_wconf 87' lang='lat' dir='ltr'><strong>Te</strong></span> 
     </span>
     <span class='ocr_line' id='line_1_19' title="bbox 506 2919 3534 3022; baseline -0.001 -27"><span class='ocrx_word' id='word_1_193' title='bbox 506 2921 835 3010; x_wconf 89' lang='lat' dir='ltr'><strong>conveni,</strong></span> <span class='ocrx_word' id='word_1_194' title='bbox 886 2943 1095 3019; x_wconf 91' lang='lat' dir='ltr'><strong>quem</strong></span> <span class='ocrx_word' id='word_1_195' title='bbox 1137 2943 1226 2994; x_wconf 88' lang='lat' dir='ltr'><strong>ne</strong></span> <span class='ocrx_word' id='word_1_196' title='bbox 1272 2944 1389 2995; x_wconf 91' lang='lat' dir='ltr'><strong>ore</strong></span> <span class='ocrx_word' id='word_1_197' title='bbox 1434 2920 1721 3018; x_wconf 90' lang='lat' dir='ltr'><strong>quidem</strong></span> <span class='ocrx_word' id='word_1_198' title='bbox 1764 2945 1846 2995; x_wconf 91' lang='lat' dir='ltr'><strong>ac</strong></span> <span class='ocrx_word' id='word_1_199' title='bbox 1882 2920 2082 3022; x_wconf 85' lang='lat' dir='ltr'><strong>vultu</strong></span> <span class='ocrx_word' id='word_1_200' title='bbox 2131 2943 2455 2996; x_wconf 90' lang='lat' dir='ltr'><strong>noveram</strong></span> <span class='ocrx_word' id='word_1_201' title='bbox 2479 2978 2498 3008; x_wconf 94' lang='lat'><strong>,</strong></span> <span class='ocrx_word' id='word_1_202' title='bbox 2557 2920 2658 2995; x_wconf 88' lang='lat' dir='ltr'><strong>Te</strong></span> <span class='ocrx_word' id='word_1_203' title='bbox 2698 2919 2910 2994; x_wconf 89' lang='lat' dir='ltr'><strong>talem</strong></span> <span class='ocrx_word' id='word_1_204' title='bbox 2963 2925 3288 3020; x_wconf 88' lang='lat' dir='ltr'><strong>expertus</strong></span> <span class='ocrx_word' id='word_1_205' title='bbox 3335 2941 3496 2993; x_wconf 91' lang='lat' dir='ltr'><strong>sum</strong></span> <span class='ocrx_word' id='word_1_206' title='bbox 3513 2972 3534 3010; x_wconf 88' lang='lat'>‚</span> 
     </span>
     <span class='ocr_line' id='line_1_20' title="bbox 505 3037 3534 3141; baseline -0.001 -27"><span class='ocrx_word' id='word_1_207' title='bbox 505 3040 783 3140; x_wconf 89' lang='lat' dir='ltr'><strong>qualem</strong></span> <span class='ocrx_word' id='word_1_208' title='bbox 841 3040 942 3116; x_wconf 90' lang='lat' dir='ltr'><strong>Te</strong></span> <span class='ocrx_word' id='word_1_209' title='bbox 1004 3039 1180 3115; x_wconf 89' lang='lat' dir='ltr'><strong>mihi</strong></span> <span class='ocrx_word' id='word_1_210' title='bbox 1250 3047 1321 3115; x_wconf 91' lang='lat' dir='ltr'><strong>et</strong></span> <span class='ocrx_word' id='word_1_211' title='bbox 1382 3038 1570 3115; x_wconf 83' lang='lat' dir='ltr'><strong>fama</strong></span> <span class='ocrx_word' id='word_1_212' title='bbox 1621 3040 2075 3141; x_wconf 85' lang='lat' dir='ltr'><strong>descripserat</strong></span> <span class='ocrx_word' id='word_1_213' title='bbox 2135 3047 2207 3114; x_wconf 90' lang='lat' dir='ltr'><strong>et</strong></span> <span class='ocrx_word' id='word_1_214' title='bbox 2265 3039 2764 3141; x_wconf 88' lang='lat' dir='ltr'><strong>discipulorum</strong></span> <span class='ocrx_word' id='word_1_215' title='bbox 2824 3041 3136 3115; x_wconf 92' lang='lat' dir='ltr'><strong>Tuorum</strong></span> <span class='ocrx_word' id='word_1_216' title='bbox 3201 3037 3534 3114; x_wconf 89' lang='lat' dir='ltr'><strong>laudatio.</strong></span> 
     </span>
     <span class='ocr_line' id='line_1_21' title="bbox 500 3158 3534 3266; baseline -0 -29"><span class='ocrx_word' id='word_1_217' title='bbox 500 3159 752 3238; x_wconf 78' lang='lat' dir='ltr'><strong>Quid?</strong></span> <span class='ocrx_word' id='word_1_218' title='bbox 824 3158 1013 3257; x_wconf 89' lang='lat' dir='ltr'><strong>quod</strong></span> <span class='ocrx_word' id='word_1_219' title='bbox 1082 3159 1457 3236; x_wconf 90' lang='lat' dir='ltr'><strong>lectionum</strong></span> <span class='ocrx_word' id='word_1_220' title='bbox 1475 3218 1497 3249; x_wconf 91' lang='lat'><strong>,</strong></span> <span class='ocrx_word' id='word_1_221' title='bbox 1564 3159 1737 3234; x_wconf 89' lang='lat' dir='ltr'><strong>mihi</strong></span> <span class='ocrx_word' id='word_1_222' title='bbox 1798 3159 2372 3266; x_wconf 78' lang='lat' dir='ltr'><strong>demandatarum</strong></span> <span class='ocrx_word' id='word_1_223' title='bbox 2393 3219 2413 3249; x_wconf 95' lang='lat'><strong>,</strong></span> <span class='ocrx_word' id='word_1_224' title='bbox 2482 3169 2752 3259; x_wconf 89' lang='lat' dir='ltr'><strong>partem</strong></span> <span class='ocrx_word' id='word_1_225' title='bbox 2812 3158 3005 3235; x_wconf 88' lang='lat' dir='ltr'><strong>haud</strong></span> <span class='ocrx_word' id='word_1_226' title='bbox 3065 3159 3394 3259; x_wconf 87' lang='lat' dir='ltr'><strong>exiguam</strong></span> <span class='ocrx_word' id='word_1_227' title='bbox 3442 3160 3534 3236; x_wconf 88' lang='lat' dir='ltr'><strong>ad</strong></span> 
     </span>
     <span class='ocr_line' id='line_1_22' title="bbox 503 3279 3536 3380; baseline 0 -25"><span class='ocrx_word' id='word_1_228' title='bbox 503 3280 691 3355; x_wconf 89' lang='lat' dir='ltr'><strong>hunc</strong></span> <span class='ocrx_word' id='word_1_229' title='bbox 758 3303 983 3377; x_wconf 91' lang='lat' dir='ltr'><strong>usque</strong></span> <span class='ocrx_word' id='word_1_230' title='bbox 1043 3279 1231 3354; x_wconf 89' lang='lat' dir='ltr'><strong>diem</strong></span> <span class='ocrx_word' id='word_1_231' title='bbox 1255 3337 1275 3368; x_wconf 96' lang='lat'><strong>,</strong></span> <span class='ocrx_word' id='word_1_232' title='bbox 1346 3304 1505 3355; x_wconf 88' lang='lat' dir='ltr'><strong>mea</strong></span> <span class='ocrx_word' id='word_1_233' title='bbox 1558 3280 1743 3369; x_wconf 89' lang='lat' dir='ltr'><strong>vice,</strong></span> <span class='ocrx_word' id='word_1_234' title='bbox 1809 3279 2169 3380; x_wconf 85' lang='lat' dir='ltr'><strong>explevisti</strong></span> <span class='ocrx_word' id='word_1_235' title='bbox 2190 3339 2211 3370; x_wconf 99' lang='lat'><strong>,</strong></span> <span class='ocrx_word' id='word_1_236' title='bbox 2260 3305 2351 3354; x_wconf 89' lang='lat' dir='ltr'><strong>ne</strong></span> <span class='ocrx_word' id='word_1_237' title='bbox 2394 3280 2570 3380; x_wconf 89' lang='lat' dir='ltr'><strong>quid</strong></span> <span class='ocrx_word' id='word_1_238' title='bbox 2617 3305 2704 3356; x_wconf 84' lang='lat' dir='ltr'><strong>ex</strong></span> <span class='ocrx_word' id='word_1_239' title='bbox 2749 3305 2905 3356; x_wconf 90' lang='lat' dir='ltr'><strong>mea</strong></span> <span class='ocrx_word' id='word_1_240' title='bbox 2948 3279 3178 3356; x_wconf 89' lang='lat' dir='ltr'><strong>adhuc</strong></span> <span class='ocrx_word' id='word_1_241' title='bbox 3221 3279 3536 3355; x_wconf 85' lang='lat' dir='ltr'><strong>absentia</strong></span> 
     </span>
     <span class='ocr_line' id='line_1_23' title="bbox 502 3398 3535 3500; baseline 0 -26"><span class='ocrx_word' id='word_1_242' title='bbox 502 3398 900 3474; x_wconf 90' lang='lat' dir='ltr'><strong>detrimenti</strong></span> <span class='ocrx_word' id='word_1_243' title='bbox 940 3407 1213 3497; x_wconf 90' lang='lat' dir='ltr'><strong>caperet</strong></span> <span class='ocrx_word' id='word_1_244' title='bbox 1255 3399 1567 3474; x_wconf 87' lang='lat' dir='ltr'><strong>studiosa</strong></span> <span class='ocrx_word' id='word_1_245' title='bbox 1606 3400 1951 3476; x_wconf 76' lang='lat' dir='ltr'><strong>iuventus,</strong></span> <span class='ocrx_word' id='word_1_246' title='bbox 2050 3401 2187 3476; x_wconf 88' lang='lat' dir='ltr'><strong>Pro</strong></span> <span class='ocrx_word' id='word_1_247' title='bbox 2227 3401 2354 3477; x_wconf 91' lang='lat' dir='ltr'><strong>hoc</strong></span> <span class='ocrx_word' id='word_1_248' title='bbox 2398 3401 2618 3500; x_wconf 84' lang='lat' dir='ltr'><strong>igitur</strong></span> <span class='ocrx_word' id='word_1_249' title='bbox 2666 3399 3051 3498; x_wconf 88' lang='lat' dir='ltr'><strong>ceterisque</strong></span> <span class='ocrx_word' id='word_1_250' title='bbox 3091 3399 3262 3474; x_wconf 90' lang='lat' dir='ltr'><strong>Tuis</strong></span> <span class='ocrx_word' id='word_1_251' title='bbox 3306 3399 3381 3474; x_wconf 88' lang='lat' dir='ltr'><strong>in</strong></span> <span class='ocrx_word' id='word_1_252' title='bbox 3419 3425 3535 3474; x_wconf 90' lang='lat' dir='ltr'><strong>me</strong></span> 
     </span>
     <span class='ocr_line' id='line_1_24' title="bbox 502 3515 3532 3620; baseline 0.001 -28"><span class='ocrx_word' id='word_1_253' title='bbox 502 3515 767 3602; x_wconf 84' lang='lat' dir='ltr'><strong>collatis</strong></span> <span class='ocrx_word' id='word_1_254' title='bbox 806 3516 1159 3592; x_wconf 87' lang='lat' dir='ltr'><strong>beneficiis</strong></span> <span class='ocrx_word' id='word_1_255' title='bbox 1207 3516 1467 3616; x_wconf 84' lang='lat' dir='ltr'><strong>gratias</strong></span> <span class='ocrx_word' id='word_1_256' title='bbox 1508 3527 1731 3594; x_wconf 76' lang='lat' dir='ltr'><strong>meas&#39;</strong></span> <span class='ocrx_word' id='word_1_257' title='bbox 1747 3517 2016 3617; x_wconf 87' lang='lat' dir='ltr'><strong>accipe,</strong></span> <span class='ocrx_word' id='word_1_258' title='bbox 2068 3543 2247 3617; x_wconf 86' lang='lat' dir='ltr'><strong>quas</strong></span> <span class='ocrx_word' id='word_1_259' title='bbox 2286 3544 2490 3618; x_wconf 87' lang='lat' dir='ltr'><strong>agere</strong></span> <span class='ocrx_word' id='word_1_260' title='bbox 2521 3525 2811 3620; x_wconf 78' lang='lat' dir='ltr'><strong>&#39;possum</strong></span> <span class='ocrx_word' id='word_1_261' title='bbox 2851 3519 3189 3596; x_wconf 85' lang='lat' dir='ltr'><strong>maximas</strong></span> <span class='ocrx_word' id='word_1_262' title='bbox 3208 3578 3229 3609; x_wconf 94' lang='lat'>‚</span> <span class='ocrx_word' id='word_1_263' title='bbox 3279 3544 3532 3618; x_wconf 90' lang='lat' dir='ltr'><strong>meque</strong></span> 
     </span>
     <span class='ocr_line' id='line_1_25' title="bbox 500 3635 3536 3739; baseline 0 -28"><span class='ocrx_word' id='word_1_264' title='bbox 500 3635 691 3713; x_wconf 85' lang='lat' dir='ltr'><strong>nullo</strong></span> <span class='ocrx_word' id='word_1_265' title='bbox 754 3659 893 3711; x_wconf 87' lang='lat' dir='ltr'><strong>non</strong></span> <span class='ocrx_word' id='word_1_266' title='bbox 957 3635 1491 3712; x_wconf 85' lang='lat' dir='ltr'><strong>necessitudinis</strong></span> <span class='ocrx_word' id='word_1_267' title='bbox 1554 3637 1829 3713; x_wconf 84' lang='lat' dir='ltr'><strong>vinculo</strong></span> <span class='ocrx_word' id='word_1_268' title='bbox 1878 3639 2139 3715; x_wconf 89' lang='lat' dir='ltr'><strong>Tecum</strong></span> <span class='ocrx_word' id='word_1_269' title='bbox 2185 3639 2285 3715; x_wconf 85' lang='lat' dir='ltr'><strong>ita</strong></span> <span class='ocrx_word' id='word_1_270' title='bbox 2329 3638 2510 3715; x_wconf 86' lang='lat' dir='ltr'><strong>habe</strong></span> <span class='ocrx_word' id='word_1_271' title='bbox 2556 3640 3004 3716; x_wconf 87' lang='lat' dir='ltr'><strong>coniunctum</strong></span> <span class='ocrx_word' id='word_1_272' title='bbox 3027 3700 3046 3730; x_wconf 94' lang='lat'><strong>,</strong></span> <span class='ocrx_word' id='word_1_273' title='bbox 3109 3638 3232 3728; x_wconf 89' lang='lat' dir='ltr'><strong>ut,</strong></span> <span class='ocrx_word' id='word_1_274' title='bbox 3285 3640 3344 3714; x_wconf 91' lang='lat' dir='ltr'><strong>si</strong></span> <span class='ocrx_word' id='word_1_275' title='bbox 3367 3641 3536 3739; x_wconf 79' lang='lat' dir='ltr'><strong>&#39;qua</strong></span> 
     </span>
     <span class='ocr_line' id='line_1_26' title="bbox 499 3756 3530 3860; baseline 0 -30"><span class='ocrx_word' id='word_1_276' title='bbox 499 3756 573 3830; x_wconf 88' lang='lat' dir='ltr'><strong>in</strong></span> <span class='ocrx_word' id='word_1_277' title='bbox 634 3780 708 3830; x_wconf 90' lang='lat' dir='ltr'><strong>re</strong></span> <span class='ocrx_word' id='word_1_278' title='bbox 764 3781 895 3857; x_wconf 87' lang='lat' dir='ltr'><strong>ego</strong></span> <span class='ocrx_word' id='word_1_279' title='bbox 944 3756 1105 3830; x_wconf 92' lang='lat' dir='ltr'><strong>Tibi</strong></span> <span class='ocrx_word' id='word_1_280' title='bbox 1152 3757 1479 3856; x_wconf 90' lang='lat' dir='ltr'><strong>prodesse</strong></span> <span class='ocrx_word' id='word_1_281' title='bbox 1526 3764 1805 3857; x_wconf 89' lang='lat' dir='ltr'><strong>potero,</strong></span> <span class='ocrx_word' id='word_1_282' title='bbox 1873 3758 2355 3850; x_wconf 87' lang='lat' dir='ltr'><strong>lubentissime</strong></span> <span class='ocrx_word' id='word_1_283' title='bbox 2402 3759 2712 3835; x_wconf 78' lang='lat' dir='ltr'><strong>facturus</strong></span> <span class='ocrx_word' id='word_1_284' title='bbox 2763 3761 2894 3836; x_wconf 90' lang='lat' dir='ltr'><strong>sim</strong></span> <span class='ocrx_word' id='word_1_285' title='bbox 2943 3769 3014 3834; x_wconf 92' lang='lat' dir='ltr'><strong>et</strong></span> <span class='ocrx_word' id='word_1_286' title='bbox 3060 3759 3530 3860; x_wconf 85' lang='lat' dir='ltr'><strong>paratissime!</strong></span> 
     </span>
    </p>

    <p class='ocr_par' dir='ltr' id='par_1_3' title="bbox 501 3875 3542 4939">
     <span class='ocr_line' id='line_1_27' title="bbox 598 3875 3536 3978; baseline 0 -27"><span class='ocrx_word' id='word_1_287' title='bbox 598 3875 925 3974; x_wconf 88' lang='lat' dir='ltr'><strong>Denique</strong></span> <span class='ocrx_word' id='word_1_288' title='bbox 980 3876 1072 3953; x_wconf 86' lang='lat' dir='ltr'><strong>ad</strong></span> <span class='ocrx_word' id='word_1_289' title='bbox 1118 3876 1265 3950; x_wconf 90' lang='lat' dir='ltr'><strong>Vos</strong></span> <span class='ocrx_word' id='word_1_290' title='bbox 1312 3901 1592 3977; x_wconf 88' lang='lat' dir='ltr'><strong>quoque</strong></span> <span class='ocrx_word' id='word_1_291' title='bbox 1638 3878 2039 3954; x_wconf 88' lang='lat' dir='ltr'><strong>salutandos</strong></span> <span class='ocrx_word' id='word_1_292' title='bbox 2082 3903 2281 3954; x_wconf 89' lang='lat' dir='ltr'><strong>meus</strong></span> <span class='ocrx_word' id='word_1_293' title='bbox 2315 3904 2429 3955; x_wconf 91' lang='lat' dir='ltr'><strong>me</strong></span> <span class='ocrx_word' id='word_1_294' title='bbox 2467 3879 2744 3954; x_wconf 90' lang='lat' dir='ltr'><strong>animus</strong></span> <span class='ocrx_word' id='word_1_295' title='bbox 2783 3879 3116 3978; x_wconf 90' lang='lat' dir='ltr'><strong>impellit,</strong></span> <span class='ocrx_word' id='word_1_296' title='bbox 3182 3878 3536 3954; x_wconf 84' lang='lat' dir='ltr'><strong>lectissimi</strong></span> 
     </span>
     <span class='ocr_line' id='line_1_28' title="bbox 501 3995 3531 4122; baseline 0.002 -55"><span class='ocrx_word' id='word_1_297' title='bbox 501 3996 838 4070; x_wconf 82' lang='lat' dir='ltr'><strong>Iuvenes!</strong></span> <span class='ocrx_word' id='word_1_298' title='bbox 912 3997 1035 4096; x_wconf 91' lang='lat' dir='ltr'><strong>qui</strong></span> <span class='ocrx_word' id='word_1_299' title='bbox 1090 3997 1163 4071; x_wconf 95' lang='lat' dir='ltr'><strong>in</strong></span> <span class='ocrx_word' id='word_1_300' title='bbox 1213 3996 1468 4072; x_wconf 90' lang='lat' dir='ltr'><strong>illustri</strong></span> <span class='ocrx_word' id='word_1_301' title='bbox 1512 3997 1641 4072; x_wconf 87' lang='lat' dir='ltr'><strong>hac</strong></span> <span class='ocrx_word' id='word_1_302' title='bbox 1681 3995 2061 4076; x_wconf 86' lang='lat' dir='ltr'><strong>Academia</strong></span> <span class='ocrx_word' id='word_1_303' title='bbox 2106 3999 2321 4074; x_wconf 89' lang='lat' dir='ltr'><strong>literis</strong></span> <span class='ocrx_word' id='word_1_304' title='bbox 2362 4025 2441 4074; x_wconf 92' lang='lat' dir='ltr'><strong>ac</strong></span> <span class='ocrx_word' id='word_1_305' title='bbox 2495 3998 2875 4122; x_wconf 88' lang='lat' dir='ltr'><strong>disciplinis</strong></span> <span class='ocrx_word' id='word_1_306' title='bbox 2917 4019 3198 4098; x_wconf 89' lang='lat' dir='ltr'><strong>operam</strong></span> <span class='ocrx_word' id='word_1_307' title='bbox 3243 3998 3531 4073; x_wconf 87' lang='lat' dir='ltr'><strong>navatis.</strong></span> 
     </span>
     <span class='ocr_line' id='line_1_29' title="bbox 507 4103 3534 4218; baseline 0.002 -31"><span class='ocrx_word' id='word_1_308' title='bbox 507 4115 847 4213; x_wconf 88' lang='lat' dir='ltr'><strong>Tempora</strong></span> <span class='ocrx_word' id='word_1_309' title='bbox 910 4117 1263 4208; x_wconf 87' lang='lat' dir='ltr'><strong>recordor,</strong></span> <span class='ocrx_word' id='word_1_310' title='bbox 1334 4142 1515 4216; x_wconf 87' lang='lat' dir='ltr'><strong>quae</strong></span> <span class='ocrx_word' id='word_1_311' title='bbox 1576 4117 1725 4218; x_wconf 89' lang='lat' dir='ltr'><strong>ipse</strong></span> <span class='ocrx_word' id='word_1_312' title='bbox 1787 4117 2057 4194; x_wconf 85' lang='lat' dir='ltr'><strong>iuvenis</strong></span> <span class='ocrx_word' id='word_1_313' title='bbox 2119 4119 2195 4195; x_wconf 90' lang='lat' dir='ltr'><strong>in</strong></span> <span class='ocrx_word' id='word_1_314' title='bbox 2252 4103 2630 4194; x_wconf 76' lang='lat' dir='ltr'><strong>Academia</strong></span> <span class='ocrx_word' id='word_1_315' title='bbox 2690 4117 3073 4218; x_wconf 88' lang='lat' dir='ltr'><strong>degebam,</strong></span> <span class='ocrx_word' id='word_1_316' title='bbox 3137 4117 3534 4218; x_wconf 86' lang='lat' dir='ltr'><strong>quibusque</strong></span> 
     </span>
     <span class='ocr_line' id='line_1_30' title="bbox 510 4235 3536 4338; baseline 0.001 -32"><span class='ocrx_word' id='word_1_317' title='bbox 510 4256 651 4307; x_wconf 89' lang='lat' dir='ltr'><strong>non</strong></span> <span class='ocrx_word' id='word_1_318' title='bbox 714 4255 877 4307; x_wconf 91' lang='lat' dir='ltr'><strong>cum</strong></span> <span class='ocrx_word' id='word_1_319' title='bbox 940 4235 1305 4336; x_wconf 90' lang='lat' dir='ltr'><strong>Theologis</strong></span> <span class='ocrx_word' id='word_1_320' title='bbox 1371 4245 1690 4327; x_wconf 90' lang='lat' dir='ltr'><strong>tantum,</strong></span> <span class='ocrx_word' id='word_1_321' title='bbox 1758 4239 1882 4314; x_wconf 89' lang='lat' dir='ltr'><strong>sed</strong></span> <span class='ocrx_word' id='word_1_322' title='bbox 1930 4244 2019 4314; x_wconf 86' lang='lat' dir='ltr'><strong>et</strong></span> <span class='ocrx_word' id='word_1_323' title='bbox 2041 4263 2203 4315; x_wconf 89' lang='lat' dir='ltr'><strong>cum</strong></span> <span class='ocrx_word' id='word_1_324' title='bbox 2252 4239 2441 4315; x_wconf 89' lang='lat' dir='ltr'><strong>haud</strong></span> <span class='ocrx_word' id='word_1_325' title='bbox 2486 4238 2726 4338; x_wconf 89' lang='lat' dir='ltr'><strong>paucis</strong></span> <span class='ocrx_word' id='word_1_326' title='bbox 2777 4247 3158 4314; x_wconf 82' lang='lat' dir='ltr'><strong>ceterarum</strong></span> <span class='ocrx_word' id='word_1_327' title='bbox 3198 4236 3536 4312; x_wconf 90' lang='lat' dir='ltr'><strong>doctrina-</strong></span> 
     </span>
     <span class='ocr_line' id='line_1_31' title="bbox 503 4351 3542 4459; baseline 0.001 -32"><span class='ocrx_word' id='word_1_328' title='bbox 503 4377 665 4428; x_wconf 91' lang='lat' dir='ltr'><strong>rum</strong></span> <span class='ocrx_word' id='word_1_329' title='bbox 736 4351 1064 4428; x_wconf 88' lang='lat' dir='ltr'><strong>studiosis</strong></span> <span class='ocrx_word' id='word_1_330' title='bbox 1133 4355 1433 4431; x_wconf 88' lang='lat' dir='ltr'><strong>amicitia</strong></span> <span class='ocrx_word' id='word_1_331' title='bbox 1487 4357 1769 4434; x_wconf 88' lang='lat' dir='ltr'><strong>iunctus</strong></span> <span class='ocrx_word' id='word_1_332' title='bbox 1836 4375 2048 4438; x_wconf 81' lang='lat' dir='ltr'><strong>eram.</strong></span> <span class='ocrx_word' id='word_1_333' title='bbox 2146 4359 2337 4436; x_wconf 90' lang='lat' dir='ltr'><strong>Hinc</strong></span> <span class='ocrx_word' id='word_1_334' title='bbox 2402 4360 2723 4459; x_wconf 86' lang='lat' dir='ltr'><strong>colligere</strong></span> <span class='ocrx_word' id='word_1_335' title='bbox 2782 4356 3000 4432; x_wconf 89' lang='lat' dir='ltr'><strong>Vobis</strong></span> <span class='ocrx_word' id='word_1_336' title='bbox 3062 4356 3220 4431; x_wconf 87' lang='lat' dir='ltr'><strong>licet</strong></span> <span class='ocrx_word' id='word_1_337' title='bbox 3244 4415 3264 4444; x_wconf 93' lang='lat'><strong>,</strong></span> <span class='ocrx_word' id='word_1_338' title='bbox 3325 4379 3542 4456; x_wconf 87' lang='lat' dir='ltr'><strong>prono</strong></span> 
     </span>
     <span class='ocr_line' id='line_1_32' title="bbox 508 4472 3539 4574; baseline 0 -27"><span class='ocrx_word' id='word_1_339' title='bbox 508 4497 621 4547; x_wconf 89' lang='lat' dir='ltr'><strong>me</strong></span> <span class='ocrx_word' id='word_1_340' title='bbox 676 4497 825 4548; x_wconf 89' lang='lat' dir='ltr'><strong>esse</strong></span> <span class='ocrx_word' id='word_1_341' title='bbox 874 4472 1270 4549; x_wconf 87' lang='lat' dir='ltr'><strong>etiamnunc</strong></span> <span class='ocrx_word' id='word_1_342' title='bbox 1319 4482 1391 4551; x_wconf 88' lang='lat' dir='ltr'><strong>et</strong></span> <span class='ocrx_word' id='word_1_343' title='bbox 1440 4476 1771 4556; x_wconf 85' lang='lat' dir='ltr'><strong>benevolo</strong></span> <span class='ocrx_word' id='word_1_344' title='bbox 1816 4481 1891 4556; x_wconf 91' lang='lat' dir='ltr'><strong>in</strong></span> <span class='ocrx_word' id='word_1_345' title='bbox 1941 4479 2088 4555; x_wconf 91' lang='lat' dir='ltr'><strong>Vos</strong></span> <span class='ocrx_word' id='word_1_346' title='bbox 2128 4503 2371 4556; x_wconf 89' lang='lat' dir='ltr'><strong>omnes</strong></span> <span class='ocrx_word' id='word_1_347' title='bbox 2414 4479 2647 4556; x_wconf 89' lang='lat' dir='ltr'><strong>animo</strong></span> <span class='ocrx_word' id='word_1_348' title='bbox 2666 4537 2686 4568; x_wconf 96' lang='lat'><strong>,</strong></span> <span class='ocrx_word' id='word_1_349' title='bbox 2736 4478 3210 4574; x_wconf 90' lang='lat' dir='ltr'><strong>cuiuscunque</strong></span> <span class='ocrx_word' id='word_1_350' title='bbox 3253 4473 3539 4549; x_wconf 87' lang='lat' dir='ltr'><strong>tandem</strong></span> 
     </span>
     <span class='ocr_line' id='line_1_33' title="bbox 505 4591 3534 4692; baseline 0 -25"><span class='ocrx_word' id='word_1_351' title='bbox 505 4593 777 4692; x_wconf 85' lang='lat' dir='ltr'><strong>generis</strong></span> <span class='ocrx_word' id='word_1_352' title='bbox 844 4591 1248 4692; x_wconf 86' lang='lat' dir='ltr'><strong>disciplinae</strong></span> <span class='ocrx_word' id='word_1_353' title='bbox 1317 4618 1569 4670; x_wconf 90' lang='lat' dir='ltr'><strong>nomen</strong></span> <span class='ocrx_word' id='word_1_354' title='bbox 1646 4597 1955 4674; x_wconf 88' lang='lat' dir='ltr'><strong>dedistis.</strong></span> <span class='ocrx_word' id='word_1_355' title='bbox 2078 4599 2317 4678; x_wconf 84' lang='lat' dir='ltr'><strong>Quare</strong></span> <span class='ocrx_word' id='word_1_356' title='bbox 2392 4593 2719 4675; x_wconf 80' lang='lat' dir='ltr'><strong>omnibus</strong></span> <span class='ocrx_word' id='word_1_357' title='bbox 2787 4595 3070 4670; x_wconf 91' lang='lat' dir='ltr'><strong>omnino</strong></span> <span class='ocrx_word' id='word_1_358' title='bbox 3133 4592 3352 4669; x_wconf 89' lang='lat' dir='ltr'><strong>Vobis</strong></span> <span class='ocrx_word' id='word_1_359' title='bbox 3423 4617 3534 4668; x_wconf 90' lang='lat' dir='ltr'><strong>me</strong></span> 
     </span>
     <span class='ocr_line' id='line_1_34' title="bbox 506 4711 3536 4821; baseline 0 -34"><span class='ocrx_word' id='word_1_360' title='bbox 506 4713 914 4788; x_wconf 86' lang='lat' dir='ltr'><strong>commendo</strong></span> <span class='ocrx_word' id='word_1_361' title='bbox 975 4712 1447 4813; x_wconf 89' lang='lat' dir='ltr'><strong>Vestrumque</strong></span> <span class='ocrx_word' id='word_1_362' title='bbox 1514 4716 1775 4790; x_wconf 89' lang='lat' dir='ltr'><strong>nemini</strong></span> <span class='ocrx_word' id='word_1_363' title='bbox 1834 4740 2116 4816; x_wconf 87' lang='lat' dir='ltr'><strong>prorsus</strong></span> <span class='ocrx_word' id='word_1_364' title='bbox 2176 4718 2415 4821; x_wconf 56' lang='lat' dir='ltr'><strong>deesse</strong></span> <span class='ocrx_word' id='word_1_365' title='bbox 2435 4774 2455 4805; x_wconf 94' lang='lat'><strong>,</strong></span> <span class='ocrx_word' id='word_1_366' title='bbox 2525 4715 2726 4792; x_wconf 90' lang='lat' dir='ltr'><strong>cuius</strong></span> <span class='ocrx_word' id='word_1_367' title='bbox 2747 4711 3162 4790; x_wconf 50' lang='lat' dir='ltr'><strong>‘commodis</strong></span> <span class='ocrx_word' id='word_1_368' title='bbox 3210 4712 3536 4788; x_wconf 90' lang='lat' dir='ltr'><strong>inservire</strong></span> 
     </span>
     <span class='ocr_line' id='line_1_35' title="bbox 508 4817 3536 4939; baseline 0 -31"><span class='ocrx_word' id='word_1_369' title='bbox 508 4832 767 4932; x_wconf 88' lang='lat' dir='ltr'><strong>possim</strong></span> <span class='ocrx_word' id='word_1_370' title='bbox 790 4891 810 4926; x_wconf 94' lang='lat'><strong>,</strong></span> <span class='ocrx_word' id='word_1_371' title='bbox 874 4833 947 4908; x_wconf 90' lang='lat' dir='ltr'><strong>in</strong></span> <span class='ocrx_word' id='word_1_372' title='bbox 1017 4833 1193 4910; x_wconf 83' lang='lat' dir='ltr'><strong>votis</strong></span> <span class='ocrx_word' id='word_1_373' title='bbox 1254 4833 1497 4934; x_wconf 89' lang='lat' dir='ltr'><strong>habeo.</strong></span> <span class='ocrx_word' id='word_1_374' title='bbox 1598 4835 1811 4939; x_wconf 75' lang='lat' dir='ltr'><strong>Quod</strong></span> <span class='ocrx_word' id='word_1_375' title='bbox 1868 4834 2185 4936; x_wconf 88' lang='lat' dir='ltr'><strong>inprimis</strong></span> <span class='ocrx_word' id='word_1_376' title='bbox 2243 4835 2462 4914; x_wconf 90' lang='lat' dir='ltr'><strong>Vobis</strong></span> <span class='ocrx_word' id='word_1_377' title='bbox 2505 4817 2788 4914; x_wconf 59' lang='lat' dir='ltr'><strong>dictum‘</strong></span> <span class='ocrx_word' id='word_1_378' title='bbox 2819 4833 2949 4926; x_wconf 90' lang='lat' dir='ltr'><strong>sit,</strong></span> <span class='ocrx_word' id='word_1_379' title='bbox 3009 4832 3134 4933; x_wconf 89' lang='lat' dir='ltr'><strong>qui</strong></span> <span class='ocrx_word' id='word_1_380' title='bbox 3155 4891 3177 4926; x_wconf 94' lang='lat'><strong>,</strong></span> <span class='ocrx_word' id='word_1_381' title='bbox 3249 4842 3328 4909; x_wconf 90' lang='lat' dir='ltr'><strong>ut</strong></span> <span class='ocrx_word' id='word_1_382' title='bbox 3371 4831 3536 4909; x_wconf 90' lang='lat' dir='ltr'><strong>olim</strong></span> 
     </span>
    </p>
   </div>
  </div>
 </body>
</html>
