4934 6184
1295 653 1486 728 '46
2594 661 3233 728 J.J.Pn1Ns

1400 877 1682 968 gentem
1741 891 2016 970 operam
2079 865 2366 943 dederit.
2469 865 2878 942 Audiuntur
2924 875 3155 942 tamen
3174 923 3195 954 ,
3245 871 3328 938 ut
3373 863 3511 938 iam
3557 856 3974 964 significavi,
4024 863 4153 940 hac
4199 874 4435 942 nostra

1403 995 1628 1064 aetate
1649 1047 1668 1076 ‚
1708 988 1820 1063 hic
1853 987 1990 1062 illic
2029 985 2557 1085 obloquentium
2584 995 2654 1060 et
2674 1010 2851 1062 nova
2872 985 3308 1061 molientium
3333 984 3641 1060 diversae
3662 1007 3880 1060 voces.
3928 984 4211 1065 Quibus
4238 987 4431 1084 equi-

1405 1107 1566 1182 dem
1609 1117 1879 1197 motus,
1929 1115 2002 1182 et
2047 1131 2377 1206 personae
2427 1129 2623 1181 meae
2667 1115 2739 1180 et
2784 1106 2993 1182 aetati
3046 1113 3119 1180 et
3160 1121 3319 1180 vero
3370 1105 3582 1180 etiam
3628 1104 3939 1194 muneri,
3987 1107 4181 1203 quod
4229 1105 4437 1180 bodie

1401 1225 1697 1324 suscipio
1718 1284 1737 1313 ,
1801 1225 2206 1325 gravissimo
2265 1225 2525 1325 optime
2584 1225 2947 1300 convenire
3010 1233 3201 1300 ratus
3274 1249 3432 1300 sum
3452 1283 3472 1314 ‚
3536 1224 3667 1300 hac
3714 1231 3917 1300 utens
3964 1225 4431 1314 solemnitate,

1397 1344 1756 1443 antiquam
1801 1345 1988 1420 illam
2006 1403 2025 1435 ,
2089 1371 2216 1420 nec
2259 1353 2493 1421 tamen
2539 1345 2973 1444 antiquatam
2992 1403 3013 1434 ,
3082 1345 3171 1419 de
3224 1344 3731 1442 Theologorum
3774 1343 4211 1419 institutione
4254 1345 4429 1420 Aca·

1395 1462 1663 1538 demica
1684 1520 1704 1551 ,
1773 1463 1964 1537 omni
2019 1465 2136 1538 alii
2193 1466 2398 1564 longe
2457 1463 2905 1562 praeferenda
2924 1523 2945 1552 ‚
3014 1464 3431 1540 sententiam
3476 1487 3603 1563 pro
3648 1463 3909 1538 viribus
3958 1464 4057 1538 ita
4104 1463 4433 1562 probare,

1395 1589 1479 1656 ut
1542 1582 1632 1656 de
1701 1583 1952 1659 eximia
2021 1583 2170 1658 eius
2235 1583 2547 1658 bonitate
2624 1592 2695 1658 et
2764 1583 3063 1661 utilitate
3128 1585 3323 1660 nulla
3390 1607 3747 1683 superesse
3793 1583 4013 1683 possit
4062 1583 4421 1658 dubitatio,

1395 1701 1604 1776 Unde
1667 1703 1792 1776 sim
1801 1703 1876 1778 ul
1950 1703 2144 1778 vobis
2210 1702 2535 1778 omnibus
2551 1760 2573 1791 ,
2644 1705 2770 1800 qui
2788 1761 2807 1790 ,
2885 1703 3299 1779 Academiae
3368 1702 3861 1801 Ecclesiaeque
3920 1709 4195 1778 nostrae
4253 1702 4433 1779 bene

1398 1821 1756 1919 cupientes
1774 1879 1794 1910 ,
1845 1823 1958 1897 hic
2006 1823 2299 1913 adestis,
2350 1823 2517 1898 satis
2562 1847 2907 1922 superque
2949 1831 3187 1922 patere
3234 1822 3495 1922 possit,
3545 1830 3619 1896 et
3668 1823 3840 1920 quid
3884 1821 3975 1896 de
4017 1823 4433 1898 Academico

1395 1963 1552 2014 meo
1607 1964 1894 2016 munere
1953 1941 2248 2016 sentiam
2268 1999 2287 2030 ,
2349 1949 2420 2016 et
2474 1942 2822 2040 quomodo
2876 1942 2993 2017 illo
3044 1941 3247 2042 fungi
3295 1941 3487 2042 apud
3532 1941 3843 2018 animum
3890 1965 4132 2016 meum
4178 1943 4427 2018 eonsti-

1397 2059 1670 2162 tuerimf
1795 2061 2041 2135 Dicam
2111 2060 2326 2160 igitur
2398 2061 2507 2135 de
2566 2061 3161 2172 institutione
3230 2061 3796 2149 Academica,
3864 2061 3969 2136 ad
4030 2062 4429 2136 futurum

1403 2180 1864 2254 Sacrorum
1912 2180 2422 2255 antistitem
2470 2181 3022 2257 formandum
3070 2181 3569 2281 aptissima.

1492 2300 1603 2373 De
1681 2299 1810 2372 boc
1889 2323 2046 2374 vero
2124 2307 2537 2401 argumento
2605 2301 2677 2373 in
2742 2310 2937 2376 tanto
2993 2301 3445 2376 Eruditorum
3504 2321 3835 2374 consessu
3894 2299 4164 2374 dicturo
4182 2357 4203 2388 ,
4265 2321 4435 2397 prae

1397 2417 1723 2493 omnibus
1790 2417 1944 2493 aliis
2013 2425 2236 2494 vestra
2301 2419 2477 2494 mihi
2536 2419 2973 2521 indulgentia
3024 2419 3457 2519 imploranda
3520 2425 3665 2506 est,
3741 2417 4116 2493 Auditores
4183 2418 4431 2493 huma-

1393 2539 1706 2613 nissimi!
1780 2561 1976 2612 meae
2039 2538 2296 2638 quippe
2359 2537 2719 2614 tenuitatis
2785 2538 2999 2639 probe
3058 2539 3233 2614 mihi
3290 2536 3583 2613 conscio,
3704 2537 4025 2637 Cogitate
4044 2596 4063 2625 ,
4128 2560 4383 2636 quaeso
4404 2595 4433 2625 ,

1395 2657 1457 2731 si
1509 2656 1684 2731 forte
1749 2656 1982 2731 minus
2038 2655 2218 2730 bene
2283 2663 2355 2730 et
2423 2656 2696 2755 copiose
2760 2665 2834 2730 et
2906 2656 3257 2756 eleganter
3296 2658 3506 2734 verba
3556 2657 3837 2734 fecerim
3855 2716 3874 2748 ,
3947 2683 4063 2733 me
4110 2657 4202 2733 ad
4243 2657 4435 2732 hunc

1393 2800 1616 2875 usque
1660 2775 1844 2850 diem
1864 2835 1883 2864 ,
1949 2776 2220 2875 quoties
2265 2776 2356 2850 ad
2409 2774 2783 2850 dicendum
2827 2775 3173 2874 prodirem
3194 2825 3251 2865 ‚‚
3284 2801 3425 2852 una
3477 2801 3686 2852 usum
3729 2777 3943 2852 fuisse
3992 2777 4233 2876 lingua
4285 2799 4433 2852 ver·

1387 2895 1636 2970 nacula
1679 2903 1750 2969 et
1793 2902 2144 2993 praeterea
2189 2919 2402 2998 quam
2451 2895 2752 2994 plurima
2796 2894 2967 2970 mihi
3018 2895 3258 2971 deesse
3278 2955 3298 2986 ,
3352 2897 3615 2996 quibus
3655 2897 3867 2972 tantis
3908 2896 4071 2971 viris
4094 2895 4433 2995 quodam·

1391 3014 1602 3088 modo
1639 3015 1984 3112 placeaml
2056 3015 2382 3114 Impense
2422 3015 2730 3090 laetabor
2748 3073 2767 3102 ,
2818 3014 2991 3088 mihi
3024 3015 3281 3090 credite
3300 3075 3337 3113 ,ι
3372 3017 3433 3092 si
3472 3017 3668 3092 vobis
3684 3073 3704 3106 ,
3756 3016 3861 3091 sin
3902 3016 4135 3090 minus
4178 3015 4431 3090 doctri·

1389 3157 1520 3207 nae
1581 3133 1846 3231 copiam
1903 3131 2308 3232 ingeniique
2357 3156 2650 3209 acumen
2676 3189 2697 3222 ,
2766 3138 2841 3207 at
2888 3131 3301 3208 industriam
3348 3140 3535 3210 certe
3582 3140 3655 3207 et
3694 3133 4125 3232 diligentiam
4170 3139 4243 3206 et
4288 3131 4429 3206 veri

1393 3255 1700 3352 bonique
1769 3277 2070 3328 amorem
2144 3277 2382 3330 meum
2453 3253 2619 3328 satis
2692 3251 3235 3356 approbaverim.
3351 3253 3609 3352 Itaque
3682 3252 3934 3328 animis
4005 3251 4435 3352 auribusque

1397 3373 1718 3448 faveatis!

1491 3726 2014 3804 Institutionem
2073 3729 2567 3804 Academicam
2630 3727 2757 3804 hoc
2818 3729 3221 3830 praesertim
3278 3727 3563 3803 nomine
3600 3729 4006 3804 laudaturus
4026 3786 4047 3816 ‚
4098 3727 4285 3825 quod
4328 3727 4423 3801 ad

1397 3851 1712 3924 futurum
1779 3849 2141 3923 Sacrorum
2197 3849 2579 3923 antistitem
2648 3849 3091 3925 formandum
3126 3849 3368 3947 ‚longe
3427 3848 3786 3946 aptissima
3850 3849 3941 3923 sit
3959 3905 3979 3936 ,
4054 3846 4289 3922 statim
4350 3845 4431 3918 in

1399 3953 1926 4044 controversiam
1992 3967 2222 4044 incido
2241 4025 2262 4056 ,
2324 3969 2513 4044 hisce
2564 3969 2815 4045 diebus
2876 3969 3211 4069 agitatam
3233 4025 3251 4056 ,
3318 3977 3559 4042 utrum
3608 3967 3683 4043 in
3728 3965 4129 4043 Academiis
4176 3965 4431 4039 nostris

1402 4087 1814 4185 Theologiae
1872 4088 2062 4161 locus
2126 4111 2296 4162 suus
2355 4087 2711 4188 honosque
2785 4089 2860 4163 in
2935 4095 3347 4187 perpetuum
3422 4095 3738 4162 constare
3810 4086 4111 4161 debeant
4184 4107 4419 4159 necne.

1399 4207 1754 4282 Nimirum
1823 4205 2054 4280 medio
2073 4265 2092 4294 ‚
2169 4193 2358 4306 quod
2432 4207 2689 4281 dicitnr
2705 4267 2724 4296 ,
2794 4231 2962 4282 aevo
2981 4265 3001 4296 ,
3068 4231 3229 4281 cum
3299 4229 3511 4305 penes
3566 4205 3845 4281 clericos
3902 4212 3977 4280 et
4042 4204 4429 4279 sacerdotes

1398 4327 1626 4402 omnis
1692 4350 1912 4425 paene
1985 4333 2167 4399 esset
2225 4325 2579 4400 literarum
2642 4326 3035 4424 artiumque
3104 4326 3413 4414 cultura,
3478 4325 3553 4400 in
3602 4325 4050 4425 Theologiam
4094 4331 4427 4422 tanquam

1399 4447 1823 4545 reliquarum
1893 4443 2208 4543 reginam
2256 4443 2685 4544 principatus
2730 4444 2999 4519 delatus
3052 4453 3193 4534 est;
3258 4443 3749 4520 recentioribus
3794 4467 3953 4518 vero
3998 4441 4435 4541 temporibus

1401 4589 1475 4638 se
1538 4590 1621 4639 eo
1663 4563 1917 4664 -magis
1983 4563 2348 4664 magisque
2414 4563 2640 4639 orbari
2697 4571 2821 4639 aut
2878 4564 3089 4640 etiam
3136 4565 3433 4640 subinde
3481 4563 3672 4639 omni
3720 4564 3793 4637 in
3850 4561 4230 4662 disciplinis
4278 4561 4435 4636 loco
4548 4595 4556 4604 ·

1401 4684 1674 4775 excludi
1731 4685 1924 4760 vidit.
2025 4686 2181 4760 Imo
2240 4711 2322 4761 eo
2381 4692 2793 4785 perventum
2837 4693 2981 4774 est,
3030 4691 3113 4760 ut
3163 4709 3317 4760 eam
3362 4682 3786 4783 reliquarum
3834 4681 4241 4782 cognatione
4284 4681 4431 4754 exi·-

1401 4802 1722 4877 meudam
1781 4803 2050 4902 sibique
2107 4807 2323 4882 solam
2387 4804 2911 4904 relinquendam
2978 4829 3128 4882 esse
3186 4803 3534 4881 vociferati
3594 4802 3736 4882 sint
3793 4801 3867 4876 in
3925 4799 4151 4901 patria
4193 4807 4434 4874 nostra
