4934 6184
1353 696 1442 763 14
2441 691 3301 794 S.v3ssaa1Nc

1348 904 1488 979 iam
1557 902 1670 978 hic
1741 909 2162 976 mercaturae
2223 899 2733 976 Hollandorum
2794 901 2925 975 flos
2983 925 3025 974 e
3072 924 3199 974 sua
3241 896 3464 999 ipsius
3510 898 3961 975 exuberantia
4008 900 4383 978 flaccescat.

1349 1025 1537 1099 Nam
1556 1081 1578 1113 ‚
1648 1023 1913 1120 inquit,
1980 1022 2073 1096 ad
2131 1029 2398 1097 certum
2461 1021 2673 1095 finem
2726 1028 3001 1096 tantum
3043 1018 3413 1119 proficiunt
3458 1019 3866 1093 commercia
3914 1029 4024 1108 et,
4073 1024 4389 1120 aequoris

1347 1144 1605 1232 insta-r,
1679 1167 1818 1241 quo
1883 1142 2202 1230 aluntur,
2269 1141 2533 1216 habent
2588 1141 2859 1214 fluxum
2918 1163 3127 1214 suum
3184 1147 3254 1212 et
3313 1138 3699 1226 refluxum,
3759 1138 3861 1214 ita
3906 1149 3985 1214 ut
4032 1139 4388 1240 fastigium

1348 1262 1702 1363 quoddam
1743 1261 2086 1360 attingere
2117 1267 2511 1358 nequeant,
2560 1260 2731 1358 quin
2774 1265 3059 1359 repente
3100 1259 3515 1335 relabantur.
3592 1258 3922 1357 Inprimis
3961 1259 4092 1334 hoc
4124 1261 4387 1336 omino-

1348 1407 1526 1457 sum.
1629 1381 1900 1478 Inclyta
1957 1380 2076 1454 illa
2134 1379 2437 1454 Societas
2506 1380 2787 1467 Indica,
2863 1403 3042 1478 quae
3088 1379 3256 1453 olim
3302 1377 3611 1477 quinque
3658 1387 3782 1452 aut
3832 1404 3957 1455 sex
4004 1380 4387 1456 maximum

1345 1526 1555 1577 naves
1607 1500 1978 1599 quotannis
2027 1524 2307 1575 onerare
2359 1499 2661 1586 solebat,
2710 1522 2899 1572 nuno
2948 1497 3042 1572 ad
3082 1498 3463 1572 octodecim
3485 1556 3505 1586 ,
3557 1497 3728 1597 quin
3778 1499 3949 1574 adeo
3986 1501 4082 1575 ad
4120 1501 4387 1578 vicenas

1345 1623 1534 1698 hunc
1578 1644 1951 1696 numerum
1995 1618 2242 1694 evexit.
2343 1621 2501 1694 Imo
2547 1618 2783 1692 audivi
2821 1661 2920 1674 -
2962 1616 3275 1692 mirabile
3312 1617 3544 1692 dictu!
3587 1661 3689 1678 —-
3732 1618 3915 1694 intra
3966 1619 4175 1694 unius
4222 1622 4387 1696 anni

1347 1742 1648 1841 spatium
1719 1765 1856 1814 non
1926 1739 2162 1813 minus
2237 1763 2450 1837 quam
2520 1737 2768 1836 viginti
2824 1737 3001 1812 duas
3068 1761 3276 1811 naves
3334 1737 3679 1812 onerarias
3742 1763 3826 1812 ex
3885 1739 4092 1813 India
4148 1735 4387 1838 portus

1345 1860 1761 1938 Hollandiae
1814 1860 2128 1935 subiisse.
2231 1858 2380 1937 Qui
2423 1856 2708 1932 tandem
2752 1857 2901 1931 sine
2946 1856 3203 1932 damno
3242 1863 3439 1932 tanta
3483 1857 3893 1933 divendetnr
3928 1869 4386 1958 proventuum

1342 1981 1564 2056 moles
1607 1983 1704 2070 28)
1735 1981 1750 2054 1

1387 2135 1396 2144 =
1446 2099 1803 2174 Industria
1863 2098 2044 2197 parit
2095 2121 2300 2196 opes;
2365 2106 2752 2172 mercatura
2801 2096 3103 2172 divitias·
3124 2105 3495 2172 coacervat.
3596 2095 3947 2172 Maiorum
3996 2105 4385 2175 nostrorum

1345 2219 1772 2320 opulentiam
1851 2216 2042 2316 apud
2113 2224 2380 2292 exteros
2453 2217 2528 2292 in
2600 2218 3043 2317 proverbium
3108 2217 3358 2293 abiisse
3428 2217 3789 2305 novimus;
3868 2241 4097 2316 neque
4175 2219 4390 2318 igitur

1341 2339 1641 2426 mirum,
1674 2340 1848 2412 hanc
1876 2361 2154 2435 quoque
2183 2337 2505 2412 extollere
2536 2340 2955 2414 Tamum.
3008 2339 3254 2426 Adeo,
3286 2338 3624 2413 exclamat
3650 2339 3791 2430 ²⁹),
3820 2337 4070 2412 referta
4095 2339 4387 2438 pecunia

1343 2467 1450 2532 est
1508 2459 1916 2546 Hollandia,
1987 2467 2068 2531 ut
2133 2458 2288 2532 istic
2352 2460 2543 2558 apud
2609 2460 3027 2560 plebiculam
3084 2460 3245 2561 plus
3294 2457 3566 2558 argenti
3606 2457 3915 2532 invenias
3958 2481 4174 2556 quam
4213 2459 4387 2532 aeris

1341 2579 1532 2679 apud
1579 2579 1816 2655 Gallos
1865 2588 1937 2653 et
1983 2579 2172 2712 ipsos
2219 2578 2595 2676 Hispanos.

1442 2700 1544 2773 At
1589 2699 1793 2798 longe
1839 2723 1945 2772 on.
1955 2699 2073 2771 nia
2113 2698 2460 2773 antecellit
2504 2699 2827 2796 splendor
2866 2697 3410 2797 Amstelodami,
3457 2706 3615 2773 tum
3662 2698 3721 2772 si
3762 2698 4185 2798 privatorum
4218 2723 4387 2797 opes

1347 2827 1617 2918 spectas
1643 2827 1796 2892 tum
1822 2819 1880 2891 si
1915 2817 2264 2916 publicam
2303 2817 2719 2916 dignitatem
2748 2819 2872 2910 ⁸⁰).
2922 2808 3039 2892 1151
3062 2819 3153 2892 ad
3180 2818 3486 2894 sedecim
3520 2825 3811 2893 centena
3846 2817 4143 2892 millium
4182 2817 4383 2892 fiore-

1338 2961 1590 3012 norum
1660 2945 1912 3035 quot-an
1921 2937 2032 3010 nis
2095 2937 2283 3011 varia
2343 2939 2610 3014 tributa
2664 2939 2921 3014 solvere
2980 2946 3369 3014 censentur.
3474 2940 3686 3018 Quod
3732 2938 3825 3014 ad
3870 2939 4047 3014 hanc
4098 2937 4381 3026 attinet,

1343 3063 1653 3142 constat,
1719 3055 1794 3130 in
1857 3056 2052 3130 nulla
2118 3057 2292 3130 urbe
2350 3059 2695 3156 copiosius
2754 3083 2883 3134 nec
2930 3060 3417 3158 expendiosins
3468 3063 3863 3137 consultum
3915 3085 4064 3136 esse
4114 3060 4386 3149 robori,

1341 3175 1730 3263 venustati,
1801 3175 2182 3274 elegantiae
2205 3234 2224 3263 ‚
2290 3177 2627 3253 vallorum
2693 3187 2764 3253 et
2816 3179 3408 3270 munimentorum
3468 3182 3777 3282 potentia
3794 3241 3815 3270 ,
3862 3182 4127 3256 viarum
4176 3203 4383 3254 mun-

1339 3295 1510 3370 ditie
1555 3302 1627 3370 et
1673 3295 1916 3370 decore
1932 3354 1952 3384 ,
2001 3289 2472 3372 aedificiorum
2516 3299 2950 3397 publicorum
2973 3358 2991 3387 ,
3044 3300 3283 3398 quales
3322 3301 3512 3376 ouria
3561 3310 3672 3376 est
3703 3311 3774 3377 et
3812 3299 4342 3388 armamentaria
4360 3359 4380 3387 ‚

1337 3415 1855 3514 magnificentia
1877 3474 1898 3504 ‚
1973 3415 2430 3514 hospitiorum
2489 3443 2778 3494 numero
2800 3479 2819 3508 ,
2891 3420 3267 3519 capacitate
3344 3428 3417 3495 et
3482 3421 3836 3522 opulentia
3854 3481 3874 3510 ‚
3948 3421 4048 3495 ita
4117 3428 4201 3496 ut
4270 3421 4383 3494 vix

1339 3535 1709 3610 credideris
1779 3559 1990 3610 unam
2057 3535 2303 3610 urbem
2361 3537 2526 3610 talia
2589 3547 2921 3638 tantaque
2971 3549 3181 3639 opera
3222 3540 3517 3616 condere
3567 3541 3881 3616 valuisse.
3981 3541 4249 3614 Verum
4300 3565 4381 3613 eo

1305 3725 1308 3728 ,
1339 3679 1619 3754 quoque
1665 3655 1908 3730 ordine
1942 3656 2308 3754 procedere
2352 3657 2575 3732 solent
2608 3659 2681 3732 in
2723 3659 3188 3748 aedificando,
3242 3669 3319 3734 ut
3350 3685 3557 3735 nemo
3596 3661 3817 3735 ullum
3845 3684 4023 3760 opus
4053 3659 4381 3758 suscipiat

1337 3775 1475 3849 nisi
1538 3784 1806 3850 certum
1872 3775 2136 3851 habens
2157 3833 2177 3863 ,
2241 3801 2314 3850 se
2364 3777 2795 3875 propositum
2839 3779 3127 3877 exsequi
3174 3805 3375 3878 posse
3399 3838 3419 3868 ,
3468 3804 3697 3878 neque
3740 3803 4052 3879 unquam
4098 3777 4377 3852 audive-

1339 3895 1473 3968 rim
1535 3895 1822 3970 domum
1895 3897 2234 3995 privatam
2293 3897 2400 3970 vel
2467 3896 2817 3995 publicam
2860 3908 3281 3975 exstructam
3331 3925 3483 3974 esse
3503 3959 3522 3990 ‚
3583 3926 3761 3999 quae
3802 3925 3941 3975 non
3986 3901 4169 3974 intra
4210 3922 4375 3972 con-

1343 4013 1674 4088 stitutum
1743 4023 2024 4114 tempus
2087 4015 2405 4091 absoluta
2451 4017 2661 4090 fuerit
2696 4018 2819 4110 ⁸¹).
2870 4061 2969 4076 —
3017 4019 3252 4094 Hodie
3305 4029 3487 4095 certe
3534 4020 3669 4095 alia
3713 4021 3975 4095 ratione
4018 4017 4373 4092 interdum

1338 4133 1644 4222 utimur,
1691 4135 1782 4210 A.
1828 4139 1916 4210 A.
1962 4179 2060 4192 —-
2108 4137 2334 4211 Solius
2382 4137 2615 4212 curiae
2654 4140 3320 4214 Amstelodamensis
3370 4139 3757 4216 aedificatio
3802 4138 4117 4214 consulto
4164 4137 4373 4211 nullis

1337 4252 1544 4327 certis
1600 4255 1928 4353 temporis
1991 4255 2249 4330 finibus
2311 4256 2829 4355 circumscripta
2874 4266 2981 4331 est
3002 4317 3022 4346 ,
3092 4260 3233 4333 sive
3282 4284 3422 4358 qno
3468 4258 3692 4358 magis
3740 4257 4185 4333 succedentes
4221 4280 4373 4354 per·

1335 4381 1550 4472 petuo
1616 4374 2065 4472 magistratus
2126 4377 2488 4476 ingenium
2546 4385 2618 4452 et
2680 4377 3111 4477 diligentiam
3174 4381 3647 4480 experirentur
3687 4379 3777 4452 ad
3818 4376 4371 4476 amplificandam

1335 4505 1406 4566 et
1453 4493 1922 4569 exornandam
1976 4495 2179 4569 talem
2230 4497 2619 4585 basilicam
2673 4497 2814 4572 sive
2852 4497 3017 4595 quia
3036 4557 3056 4586 ‚
3106 4497 3166 4570 si
3207 4499 3429 4572 famae
3465 4497 3886 4572 credendum
3907 4555 3927 4584 ,
3969 4495 4371 4571 vaticinium

1338 4613 1977 4689 circumferebatur:
2053 4616 2593 4692 ndeclinaturam
2660 4641 2811 4690 esse
2866 4617 3377 4692 Amstelodami
3436 4626 3891 4692 mercaturam
3945 4615 4233 4713 perinde
4288 4639 4372 4688 ac

1341 4732 1912 4828 Antverpiensem
1983 4759 2070 4808 ex
2138 4761 2279 4833 quo
2345 4736 2458 4810 die
2522 4737 2837 4812 absoluta
2897 4737 3075 4811 foret
3132 4738 3395 4812 curia.'’
3457 4736 3559 4798 -’-
3622 4737 3833 4815 Quod
3872 4736 4095 4810 fatum
4139 4758 4371 4809 revera

1341 4874 1481 4925 non
1519 4849 1844 4950 effugisse
1881 4852 2153 4928 videtur
2191 4857 2831 4946 Amstelodamum3
2868 4859 3125 4936 etenim
3160 4864 3443 4932 narrant
3478 4865 3789 4932 auctores
3823 4855 4369 4932 aedificationem
