4934 6184
1791 701 1848 770 o
1883 703 2050 771 ,ιιι
2096 702 2146 770 Τ
2191 704 2223 769 1
2268 701 2346 770 0.
2954 688 2962 696 '
3454 707 3583 774 129

545 909 754 1018 biles,
815 872 1234 988 adiuventur
1288 909 1588 986 feminae
1601 969 1622 1000 ,
1671 923 1886 988 causa
1928 913 2343 988 defendatur
2389 910 2741 1012 religionis
2785 915 2857 984 et
2906 909 3203 986 honoria.
3305 911 3581 991 Quodsi

541 1057 749 1131 quem
817 1031 1362 1108 animadvertere
1433 1031 1666 1118 iuvat,
1737 1032 1994 1108 multos
2038 1031 2350 1130 Equites
2415 1029 2771 1133 promissis
2852 1029 2998 1105 suis
3063 1054 3203 1105 non
3270 1031 3542 1106 stetisse
3556 1091 3579 1122 ,

539 1141 954 1251 respondeo,
1018 1152 1276 1254 multos
1339 1153 1637 1226 Graecos
1704 1157 1776 1226 et
1841 1135 2194 1254 Romanos
2250 1151 2424 1226 adeo
2482 1175 2623 1225 non
2686 1148 2956 1224 novisse
3025 1147 3209 1225 bona
3230 1208 3250 1238 ,
3313 1149 3575 1249 quibus

539 1272 850 1348 civitates
900 1272 1226 1372 antiquae
1277 1271 1698 1359 floruerunt,
1749 1277 1832 1346 ut
1879 1295 1998 1346 eos
2058 1270 2387 1346 barbaros
2433 1269 2668 1369 potius
2715 1275 2789 1344 et
2843 1293 2883 1342 e
2942 1268 3223 1366 Scythia
3276 1269 3575 1346 advenas

541 1417 753 1492 quam
814 1391 1114 1467 Athenis
1184 1392 1291 1466 vel
1357 1392 1622 1467 Romae
1679 1398 1880 1467 natos
1937 1397 2006 1465 et
2061 1390 2389 1467 educatos
2435 1390 2767 1466 crederes·
2867 1391 3118 1487 Itaque
3165 1389 3397 1464 missis
3446 1391 3532 1466 iis
3548 1448 3571 1480 ,

537 1511 662 1610 qui
721 1511 813 1588 ad
879 1536 1210 1611 generosa
1259 1511 1503 1586 aetatis
1563 1536 1729 1586 suae
1778 1509 2009 1586 studia
2057 1535 2131 1585 se
2193 1511 2432 1585 efferre
2476 1517 2871 1609 nequeunt,
2920 1510 3091 1586 haec
3142 1517 3377 1585 tamen
3423 1511 3577 1612 ipsa

535 1655 812 1706 cernere
851 1632 1036 1706 licet
1054 1689 1074 1719 ,
1134 1631 1488 1730 aliquanto
1504 1689 1525 1720 ‚
1576 1637 1657 1705 ut
1710 1631 1986 1730 opinor,
2036 1630 2457 1730 provectiora
2501 1631 2587 1706 iis
2605 1689 2625 1719 ,
2676 1655 2974 1729 quorum
3030 1631 3107 1705 in
3158 1631 3573 1730 antiquitate

535 1753 798 1828 mentio
841 1753 944 1826 fit.
1045 1751 1306 1826 Verum
1347 1751 1422 1825 id
1466 1751 1526 1826 si
1567 1751 1718 1826 iure
1763 1751 2146 1828 affirmatur
2163 1809 2182 1840 ,
2233 1759 2659 1851 perpetuone
2706 1750 2984 1851 populis
3039 1758 3395 1851 tamquam
3442 1753 3575 1829 im·

533 1871 916 1969 puberibus
963 1895 1140 1970 opus
1187 1872 1320 1946 erit
1379 1871 1648 1947 tutela?
1759 1871 1880 1946 Ad
1927 1872 2106 1946 hanc
2170 1872 2645 1970 quaestionem
2706 1871 3211 1971 profligandam
3263 1881 3455 1948 tutor
3504 1880 3575 1948 et

530 1990 779 2089 pupilli
827 2014 954 2066 sua
1001 1991 1297 2090 quisque
1357 1991 1464 2066 via
1518 1991 1882 2066 incedunt:
1935 1991 2048 2066 ille
2097 1991 2380 2090 spiritus
2431 1991 2647 2068 sumit
2691 1998 2762 2066 et
2813 1994 3036 2067 multo
3086 1993 3311 2068 acrius
3364 2018 3577 2092 quam

530 2110 792 2208 priores
851 2109 1196 2185 Ecclesiae
1262 2111 1607 2210 principes
1673 2110 1852 2184 illud
1913 2137 2150 2209 reyere
2219 2113 2501 2208 imperio
2555 2113 2847 2209 populos
2918 2117 3192 2203 tuetur,
3265 2113 3339 2187 hi
3399 2114 3576 2187 vires
3722 2209 3729 2214 .

529 2229 728 2304 bellis
787 2229 996 2304 sacris
1066 2230 1399 2305 excitatas
1464 2255 1922 2329 accensosque
1988 2229 2256 2306 animos
2320 2229 2394 2304 in
2459 2255 2778 2331 soporem
2834 2232 3067 2307 delabi
3118 2257 3257 2308 non
3310 2233 3571 2308 sinunt.

532 2352 1032 2448 Quaecumque
1074 2349 1349 2424 illorum
1403 2349 1744 2424 bellorum
1787 2349 1898 2423 vel
1950 2355 2262 2448 tempore
2313 2349 2420 2423 vel
2461 2349 2977 2448 opportunitate
3032 2349 3106 2425 in
3152 2350 3377 2425 lucem
3418 2375 3577 2451 pro-

531 2470 787 2559 deant,
838 2470 1006 2546 haec
1053 2495 1170 2546 eos
1229 2470 1670 2545 vehementer
1721 2477 2024 2545 movent.
2124 2470 2563 2544 Incrementa
2625 2477 3093 2557 mercaturae,
3140 2469 3488 2544 urbium
3469 2495 3573 2544 m-

527 2590 1054 2694 valescentium
1077 2589 1308 2690 vigor,
1379 2588 1756 2665 excitatum
1807 2589 1978 2664 iuris
2024 2589 2326 2664 Romani
2387 2588 2766 2664 studium
2744 2613 2819 2664 1n
2874 2589 3217 2666 sentiendi
3264 2591 3573 2690 cogitan-

528 2689 739 2810 dique
778 2710 1044 2786 ratione
1084 2711 1392 2785 multum
1429 2709 1989 2785 commutationis
2032 2718 2104 2783 et
2144 2707 2647 2784 emendationis
2691 2708 3011 2785 afferunt.
3112 2711 3269 2785 Iam
3312 2711 3575 2786 tutelae

523 2830 979 2906 fundamenta
1047 2829 1366 2904 nonnihil
1433 2827 1893 2906 subruuntur.
2016 2827 2312 2904 Gravius
2389 2836 2633 2903 tamen
2696 2828 2782 2903 iis
2854 2837 3179 2918 nocetur,
3246 2855 3335 2905 ex
3400 2855 3573 2929 qu0‚

525 2951 859 3025 revocatis
916 2949 1130 3024 literis
1191 2949 1496 3049 antiquis
1514 3009 1534 3039 ,
1595 2949 1842 3049 optimi
1906 2949 2165 3049 quique
2227 2949 2319 3023 ad
2370 2948 2550 3024 hanc
2606 2948 3019 3049 cognitionis
3070 2950 3299 3026 lucem
3354 2975 3572 3026 emer-

523 3067 746 3169 gunt,
813 3095 992 3169 quae
1057 3070 1212 3169 ipsa
1273 3069 1550 3146 Codicis
1617 3071 1790 3145 sacri
1849 3069 2346 3168 intelligentiae
2391 3068 2694 3168 prodest.
2795 3071 2969 3144 Mox
3016 3070 3183 3145 vitia
3227 3069 3573 3145 Ecclesiae

519 3191 596 3264 in
661 3191 810 3266 dies
876 3196 1210 3288 apparent
1268 3189 1492 3290 magis
1553 3195 1624 3264 et
1687 3189 1962 3288 aegrius
2009 3189 2350 3264 feruntur.
2450 3189 2841 3265 Multorum
2888 3190 3169 3290 ingenia
3216 3189 3571 3288 animique

523 3309 872 3410 praesenti
934 3334 1167 3385 rerum
1235 3333 1580 3385 sacrarum
1647 3310 1910 3420 ratione
1972 3333 2222 3407 parum
2271 3309 2721 3384 delectantur.
2820 3311 3007 3385 Tum
3052 3309 3568 3416 opportunitate

523 3431 685 3506 data
698 3487 718 3520 ,
767 3453 852 3506 ea
911 3428 1143 3528 prodit
1211 3453 1558 3504 sacrorum
1619 3427 2069 3504 commutatio
2084 3486 2105 3517 ,
2155 3452 2296 3534 qua
2314 3487 2334 3517 ,
2399 3427 2561 3504 licet
2620 3429 2811 3505 haud
2862 3428 3152 3528 probata
3207 3427 3297 3504 ab
3344 3428 3568 3504 omni-

522 3551 656 3626 bus
674 3609 695 3640 ‚
753 3549 1002 3649 ingens
1067 3556 1299 3624 tamen
1366 3550 1685 3648 Europae
1733 3573 1894 3648 pars
1939 3573 2025 3622 ex
2068 3547 2485 3624 hierarchica
2548 3549 2813 3625 ratione
2861 3550 2954 3624 ad
3001 3549 3352 3650 politicam
3400 3575 3560 3626 con-

525 3669 859 3745 ditionem
911 3669 1242 3769 procedit.
1343 3668 1458 3744 Sic
1497 3668 1738 3769 populi
1784 3674 2096 3744 veterum
2111 3725 2130 3756 ,
2185 3668 2260 3742 in
2301 3668 2543 3744 multis
2587 3669 2956 3744 dissimiles
2976 3728 2996 3758 ,
3048 3668 3305 3744 similes
3358 3670 3433 3743 in
3482 3696 3565 3745 eo

527 3798 723 3879 sunt,
798 3789 988 3890 quod
1045 3796 1334 3865 naturae
1397 3787 1882 3864 convenienter
1942 3793 2240 3863 aetatem
2301 3811 2503 3864 suam
2554 3812 2819 3864 sacram
2874 3796 3317 3887 percurrunt,
3366 3797 3558 3864 ante-

525 3934 736 4008 quam
766 3910 870 3986 ad
922 3909 1138 3984 civilis
1191 3907 1536 3984 societatis
1581 3907 1972 3983 libertatem
2021 3905 2444 4007 perveniant.

618 4030 778 4104 Hoc
819 4038 1056 4105 autem
1101 4029 1248 4105 loco
1271 4029 1566 4128 positos,
1599 4052 1738 4127 quo
1774 4028 1916 4104 iam
1950 4051 2150 4130 porro
2179 4029 2543 4104 tendentes
2574 4030 3173 4129 contemplamur?
3222 4031 3559 4111 Quaestio

525 4173 606 4224 eo
673 4149 942 4250 gravior
1010 4158 1148 4240 est,
1199 4149 1526 4249 quoniam
1575 4148 1740 4224 inde
1789 4175 1832 4225 a
1873 4148 2214 4224 Comum
2251 4154 2324 4224 et
2370 4149 2741 4224 Vascoms
2788 4173 2885 4224 m:
2925 4153 3153 4227 GAMA
3196 4152 3561 4229 itineribus

525 4270 750 4346 maius
809 4277 1094 4372 paratur
1115 4327 1136 4358 ,
1198 4271 1272 4343 in
1325 4295 1466 4368 quo
1521 4269 1838 4370 gentium
1885 4268 2254 4344 cultiorum
2301 4269 2478 4344 vires
2536 4295 2611 4344 se
2668 4279 3026 4361 exserant,
3075 4273 3429 4349 theatrum
3490 4281 3563 4346 et

521 4390 602 4484 in,
648 4392 800 4492 ipsa
847 4393 1126 4490 Europa
1186 4390 1548 4490 paullatim
1584 4389 1844 4464 'omnes
1898 4388 2042 4464 fere
2087 4397 2318 4489 partes
2365 4389 2553 4465 varia
2605 4390 2997 4490 iunguntur
3042 4392 3393 4466 rationum
3437 4415 3558 4464 ne·

521 4512 960 4588 cessitudine.
1078 4511 1264 4604 Quid
1329 4509 1544 4610 igitur
1615 4508 1932 4585 omnium
1999 4509 2298 4584 maxime
2363 4509 2878 4609 conspicimus?
3000 4509 3251 4584 Studia
3313 4507 3559 4583 dicunt

519 4633 958 4731 aequalitatis
1011 4632 1087 4706 in
1135 4633 1653 4732 Europaecrum
1710 4629 2019 4728 potentia
2083 4628 2533 4704 stabiliendae
2547 4685 2568 4715 ,
2626 4653 2829 4726 porro
2888 4627 3434 4702 efficacissimam
3481 4628 3554 4701 in

519 4753 730 4828 rebus
793 4753 1110 4854 gentium
1181 4752 1322 4827 vim
1383 4752 1688 4851 primum
1743 4771 2092 4824 sacrorum
2155 4747 2714 4822 commutationis
2734 4806 2753 4836 ,
2813 4753 2967 4822 tum
3017 4753 3438 4824 mercaturae
3488 4756 3561 4821 et

520 4873 962 4952 coloniarum.
1061 4875 1227 4974 Non
1279 4897 1460 4973 nego
1478 4930 1499 4963 ,
1556 4871 1724 4948 haec
1773 4869 1924 4944 iure
1984 4867 2523 4946 commemorari.
2623 4867 3123 4944 Verumtamen
3158 4875 3283 4944 aut
3332 4867 3527 4944 fallor
3541 4926 3561 4956 ,

2990 4992 3079 5067 17
