4934 6184
1369 663 1499 732 134
2461 665 2515 729 I.
2582 663 2661 730 A.
2728 662 2795 730 C.
2865 661 3305 734 Rovmis

1365 869 1746 970 imaginem
1795 876 2302 972 repraesentare
2341 869 2577 972 cupit,
2622 870 2699 946 in
2744 869 2923 946 lianc
2966 875 3263 948 aetatem
3282 927 3305 959 ,
3341 867 3605 968 insigni
3654 867 4001 944 industria
4046 875 4120 944 et
4158 868 4405 945 ardore

1371 991 1810 1092 conspicuam
1831 1048 1853 1081 ,
1899 990 2229 1090 exquisiti
2267 989 2669 1066 redundent
2706 991 3119 1096 prudentiae
3166 988 3679 1092 sapientiaeque
3726 987 4016 1066 fructus.

1468 1471 1804 1548 Oratione
1859 1472 2314 1574 pronunciata
2329 1530 2351 1562 ,
2417 1473 2513 1548 ad
2568 1471 2859 1550 alteram
2920 1471 3177 1548 accedo
3232 1471 3547 1548 muneris
3598 1467 3915 1546 hodierni
3962 1473 4231 1568 partem
4249 1525 4269 1555 ,
4324 1466 4403 1543 in

1368 1617 1510 1693 qua
1562 1592 1832 1668 utinam
1877 1593 2172 1693 tempori
2212 1592 2406 1668 haud
2455 1593 2883 1692 parcendum
2932 1601 3135 1670 esset.
3234 1594 3389 1694 Ego
3434 1590 3667 1680 enim,
3724 1587 3984 1666 exactis
4034 1609 4289 1664 novem
4330 1593 4403 1662 et

1366 1713 1615 1814 viginti
1682 1713 1884 1790 annis
1941 1714 2018 1788 in
2075 1714 2256 1790 hanc
2299 1737 2523 1814 paene
2564 1713 2867 1790 natalem
2914 1713 3159 1790 urbem
3212 1713 3471 1800 redux,
3520 1709 3661 1787 dici
3702 1708 3819 1786 vix
3858 1714 4091 1808 potest
4142 1712 4407 1806 quanta

1365 1859 1529 1908 cum
1583 1833 1938 1934 voluptate
1993 1859 2273 1934 agerem
2325 1834 2420 1909 de
2461 1833 2875 1924 carissimis,
2932 1859 3109 1933 quos
3150 1833 3505 1922 desidero,
3562 1828 4147 1932 praeceptoribus.
4250 1826 4409 1904 Me-

1361 1977 1702 2030 morarem
1745 1953 1958 2029 etiam
2004 1954 2509 2030 commilitones
2556 1955 2698 2031 vita
2734 1954 3051 2045 functos,
3100 1955 3227 2054 qui
3270 1951 3693 2030 Academiae
3718 1958 3791 2026 et
3816 1946 4129 2026 discendi
4164 1946 4411 2024 ardore

1363 2085 1436 2148 et
1499 2072 1794 2148 docendi
1855 2072 2275 2172 praestantia
2335 2081 2741 2150 ornamento
2811 2072 3117 2150 fuerunt.
3216 2072 3573 2148 Adderem
3640 2072 3737 2148 de
3789 2069 4059 2147 civibus
4122 2068 4410 2157 vestris,

1365 2216 1544 2292 quos
1585 2216 1708 2269 vos
1751 2191 2098 2279 coluistis,
2147 2216 2280 2292 ego
2319 2200 2392 2268 et
2435 2193 2707 2269 iuvenis
2750 2194 3033 2295 suspexi
3071 2201 3143 2269 et
3180 2200 3421 2292 postea
3466 2191 3709 2294 magni
3750 2191 3973 2270 facere
4016 2213 4408 2289 numquam

1365 2312 1564 2390 deaii.
1659 2312 1791 2401 Et,
1855 2310 2080 2386 allatis
2143 2313 2635 2393 nonnullorum
2704 2315 2909 2390 dictis
2968 2315 3257 2391 saetisve
3311 2321 3559 2392 notatu
3600 2311 4071 2415 dignissimis,
4118 2333 4409 2412 quaere-

1364 2457 1513 2508 rem
1573 2431 1866 2508 fortasse
1923 2455 2010 2508 ex
2063 2431 2448 2509 maioribus
2496 2443 2671 2510 natu
2691 2492 2714 2525 ,
2774 2459 2949 2510 num
2990 2435 3143 2535 ipse
3159 2493 3182 2524 ,
3228 2435 3471 2535 procul
3520 2459 3565 2512 a
3608 2433 3928 2510 Treiecto
3966 2433 4235 2534 degens
4252 2490 4274 2523 ,
4322 2431 4409 2506 iis

1365 2552 1696 2630 oblivioni
1732 2553 2105 2630 mandasse
2137 2554 2406 2630 videi-ei·
2443 2554 2667 2646 bona,
2718 2581 2897 2657 quae
2948 2557 3125 2632 milii
3170 2557 3247 2638 in
3287 2557 3419 2633 hac
3466 2555 3645 2631 urbe
3680 2562 3757 2632 et
3800 2577 4025 2654 puero
4060 2559 4139 2628 et
4171 2551 4413 2628 iuveni

1369 2682 1442 2750 et
1492 2675 1676 2774 patri
1690 2733 1713 2765 ,
1763 2673 1963 2750 cuius
2001 2675 2146 2750 duo
2192 2675 2396 2752 liberi
2437 2676 2557 2752 hic
2584 2677 2943 2777 ‘praeclare
2976 2677 3283 2754 instituti
3330 2684 3497 2754 sunt
3512 2734 3537 2767 ,
3584 2701 3711 2777 per
3750 2675 4033 2775 longam
4068 2695 4411 2750 annorum

1368 2795 1615 2872 seriem
1663 2793 2088 2894 obtigerunt.
2187 2795 2330 2872 Sed
2372 2797 2744 2897 reprimam
2798 2821 2947 2890 me,
2998 2799 3087 2876 A.
3116 2799 3205 2875 A.
3224 2857 3247 2890 ,
3296 2821 3387 2876 ne
3432 2805 3659 2876 vestra
3702 2796 3955 2874 abutar
4000 2795 4079 2872 in
4128 2819 4245 2872 me
4290 2817 4417 2872 au·

1376 2914 1634 2991 diendo
1680 2914 2178 2992 benevolentia.

1461 3152 1913 3250 Amplissime
1971 3156 2138 3230 Rau
2194 3177 2344 3229 vais
2394 3157 2805 3247 Gaianas,
2862 3157 3281 3236 Academiae
3327 3159 3607 3236 Rheno-
3608 3157 4043 3236 Traiectinae
4080 3157 4416 3243 Curatur,

1369 3278 1476 3346 cst
1535 3297 1700 3348 sane
1750 3274 1940 3373 quod
1990 3281 2062 3349 te
2105 3274 2515 3374 compellem
2552 3277 2894 3377 enixeque
2926 3303 3207 3380 rogem,
3256 3287 3339 3358 ut
3379 3279 3677 3380 collegas
3726 3286 3930 3369 tuos,
3976 3276 4181 3354 Viros
4237 3277 4411 3354 Am·

1366 3390 1760 3490 plissimos,
1819 3393 2074 3490 partim
2119 3393 2222 3468 rei
2267 3393 2597 3493 publicae
2634 3398 2893 3496 partim
2948 3399 3366 3477 valetudinis
3408 3399 3737 3478 adversae
3780 3423 3991 3478 caiisa
4046 3397 4419 3484 absentes,

1373 3511 1462 3586 de
1516 3535 1680 3586 inca
1719 3511 1798 3586 in
1843 3512 2262 3588 Cmatorum
2306 3514 2679 3614 colleg-iuni
2718 3517 3159 3596 numm
3208 3521 3535 3599 certiores
3570 3519 3803 3598 fiicias.
3902 3519 4187 3594 Horum
4228 3541 4413 3594 com·

1371 3631 1816 3708 mandatione
1863 3657 1906 3708 a
1951 3633 2152 3732 Rege
2195 3634 2721 3734 Augustioeimo
2768 3637 2907 3715 buc
2954 3649 3239 3718 vocatus
3280 3667 3461 3718 sum.
3560 3641 3694 3720 Est
3736 3639 3913 3716 miln’
3960 3637 4415 3716 honorificum

1374 3752 1792 3828 curatorum
1854 3752 1942 3830 de
1993 3778 2112 3828 me
2161 3752 2523 3831 indicium.
2622 3757 2783 3834 Hoc
2822 3767 3059 3840 autem
3106 3785 3229 3838 cos
3268 3761 3511 3840 tulisse
3562 3759 3925 3838 nonnullis
3960 3759 4257 3836 fortasse
4308 3757 4415 3832 in-

1374 3881 1850 3973 exspectatum
1889 3873 2176 3963 accidit,
2221 3875 2487 3950 nemini
2528 3901 2689 3952 vero
2730 3878 2955 3980 magis
2993 3881 3547 3982 inexspectatum
3588 3905 3807 3981 qnam
3850 3878 4027 3955 milii
4051 3938 4072 3968 ,
4122 3903 4215 3956 ea
4250 3877 4419 3954 inde

1374 4019 1418 4066 a
1493 3993 1858 4068 duodecim
1933 3994 2137 4070 annis
2195 4020 2324 4072 uso
2391 3995 2673 4076 fortuna
2744 4006 2817 4074 et
2886 4000 2985 4077 sic
3050 4009 3377 4101 quassato
3446 4001 3843 4078 domesticis
3908 3999 4265 4089 cladibus,
4334 4005 4415 4074 ut

1375 4133 1766 4210 numquam
1811 4113 1898 4187 de
1935 4113 2338 4190 iucundiore
2383 4118 2571 4194 vitae
2612 4121 2909 4197 statione
2954 4124 3351 4223 cogitarem.
3450 4123 3729 4204 Quodsi
3780 4121 3907 4222 qui
3952 4145 4207 4221 parum
4252 4141 4415 4218 pro·

1207 4267 1218 4272 ·
1373 4229 1606 4306 babile
1683 4240 2004 4322 censent,
2069 4233 2244 4309 faxit
2307 4237 2543 4327 Deus,
2614 4247 2697 4315 ut
2748 4265 2886 4321 usu
2930 4243 3120 4319 haud
3170 4253 3629 4346 cognoscant,
3680 4249 4107 4344 quantopere
4162 4239 4421 4314 domus

1372 4351 1899 4428 florentissimae
1943 4353 2174 4430 clades
2224 4355 2394 4432 locis
2439 4359 2816 4451 devinciat,
2866 4362 2942 4438 in
2982 4365 3241 4462 quibus
3292 4365 3805 4442 carissimorum
3854 4362 4165 4462 capitum
4210 4357 4416 4434 vesti·

1375 4473 1510 4572 giis
1557 4472 1874 4573 legendis
1915 4473 2197 4550 dolendi
2239 4475 2583 4578 voluptati·
2618 4481 2981 4582 indulgere
3032 4483 3211 4561 licet.
3314 4485 3518 4561 Haec
3552 4485 3703 4560 loca
3719 4543 3751 4574 ,
3790 4482 4055 4560 civium
4090 4478 4311 4556 etiam
4344 4484 4413 4552 et

1371 4592 1750 4670 amicorum
1806 4594 2284 4672 benevolentia
2299 4655 2322 4687 ,
2391 4598 2691 4693 auxilio,
2756 4603 3223 4682 misericordia
3290 4614 3365 4682 et
3424 4587 3865 4706 mulgeatis
3930 4602 4011 4678 in
4078 4598 4415 4676 afflictum

1373 4713 1934 4809 patremfamilias
1977 4713 2470 4796 incredibiliter
2508 4745 2699 4814 cara,
2750 4747 2891 4800 non
2936 4733 3195 4803 temere
3232 4726 3744 4828 rch’nquuntur.
3844 4720 4137 4821 Reliqui
4180 4727 4419 4796 tameo

1319 4945 1344 4976 ρ
1376 4829 1622 4906 urbem
1680 4833 1854 4910 mihi
1911 4837 2150 4914 multis
2204 4839 2607 4919 nominihus
2654 4843 2977 4926 dilectam
3024 4855 3097 4924 ei
3138 4856 3309 4950 opto
3352 4849 3837 4938 vehementer,
3880 4849 3965 4920 ut
4010 4843 4193 4918 bene
4244 4835 4423 4916 mihi
