4934 6184
1010 1439 1477 1504 AOADEMIAE
1511 1437 2294 1501 LUGDUNO·BATAVAE
2328 1437 2791 1500 CURATORES
2809 1485 2824 1512 ,
2846 1437 3018 1499 VIBI
3035 1435 3556 1513 NOBILISSIMI,

1094 1539 1581 1601 AMPLISSIMI!
2072 1563 2081 1572 ·

1013 1663 1159 1726 QUI
1196 1663 1333 1723 HIS
1374 1663 1477 1722 AB
1516 1663 1743 1723 ACTIS
1780 1658 1907 1735 RS,
1947 1663 2087 1722 vm
2126 1661 2784 1726 CONSULTISSIME!

1016 1785 1483 1849 AGADEMIAE
1522 1783 1839 1847 ΒΕΟΤΟΒ
1878 1783 2354 1846 MAGNIF'ICE!
2427 1820 2438 1828 ·

1012 1908 1484 1972 QUABUMVIS
1544 1908 1855 1970 ARTIUM
1910 1910 2015 1970 ΕΤ
2074 1909 2702 1972 DISCIPLINARUM
2761 1909 3298 1972 PROFESSORES
3315 1956 3332 1985 ,
3385 1911 3558 1972 VIBI
3691 1907 3698 1912 ’

1094 2009 1543 2073 CLARISSIMI
1560 2009 1575 2070 Ι

1011 2135 1159 2198 QUI
1216 2135 1391 2194 IURI
1448 2133 1811 2194 DICUNDO
1850 2135 1954 2194 ΕΤ
1992 2135 2349 2196 ΟῙἯΤΑΤῙ
2387 2135 2822 2197 REGUNDAE
2877 2091 3079 2196 PRAE
3087 2137 3297 2197 ESTIS
3313 2181 3330 2210 ,
3385 2137 3558 2197 VIBI

1092 2235 1663 2298 mTEGERRIMn
2499 2245 2508 2254 '

1013 2361 1443 2424 sAonomm
1482 2361 1977 2434 mrmrrrns,
2016 2361 2189 2423 vm
2225 2361 2655 2424 nmmum
2695 2363 3197 2426 vaunnfflms

1012 2487 1327 2550 Annum
1364 2489 1471 2549 ΕΤ
1506 2487 2132 2551 ommam-Anum
2168 2443 2616 2563 morosas,
2657 2491 2831 2559 vnn
2869 2488 3354 2552 Doc'rtssnm

1014 2613 1265 2674 HUIUS
1303 2613 1773 2674 AGADEMIAE
1811 2612 2099 2674 ALUMN
2100 2613 2159 2687 1,
2204 2613 2811 2676 COMMILITONES
2851 2613 3491 2676 EXOPTATISSIMU

1017 2737 1459 2799 QUOmUOT
1498 2737 1858 2798 DENIQUE
1900 2736 2225 2797 ADESTIS
2241 2782 2257 2810 ‚
2301 2739 2530 2799 CIVES
2543 2783 2560 2812 ‚
2601 2739 2983 2801 HOSPITES
2998 2786 3014 2814 ,
3056 2739 3208 2800 SUO
3249 2739 3558 2802 QUIQUE

1094 2837 1339 2910 LOCO,
1382 2837 1685 2898 ORDINE
1725 2837 1830 2896 ΕΤ
1869 2836 2307 2899 DIGNITATE
2348 2839 2968 2921 SPEGTATISSIMI!

1020 2959 1469 3046 Aum'ronns
1506 2958 2087 3022 Hummss1m1

830 3388 999 3495 Aut
1047 3443 1178 3520 ego
1229 3421 1425 3498 fallor
1479 3423 1798 3513 mirifice,
1856 3430 1981 3499 aut
2024 3424 2297 3499 nullum
2336 3430 2444 3500 est
2485 3425 2849 3500 Sacrorum
2900 3423 3229 3499 antistitis
3281 3447 3564 3498 munere

540 3538 817 3636 gravius
837 3597 857 3628 ,
906 3539 1148 3614 utilius
1186 3541 1483 3618 nullum.
1585 3544 1799 3623 Quod
1838 3543 1897 3619 si
1948 3544 2105 3643 quis
2151 3543 2586 3619 ambitiosius
2629 3551 2753 3620 aut
2792 3543 3156 3644 gloriosius
3196 3569 3241 3618 a
3273 3566 3390 3619 me
3431 3542 3570 3617 dici
3685 3551 3692 3562 ’

540 3658 865 3755 opinatur
881 3717 902 3747 ,
968 3659 1084 3734 cui
1136 3685 1261 3759 per
1310 3660 1801 3760 septemdecim
1842 3686 2059 3737 annos
2104 3669 2177 3736 et
2222 3661 2525 3760 amplius
2569 3685 2858 3762 munere
2917 3661 3036 3737 illo
3085 3649 3160 3735 in
3205 3660 3566 3736 Reforma-

546 3787 779 3852 torum
851 3779 1135 3854 eeclesia
1198 3779 1401 3880 fungi
1456 3780 1787 3880 contigit,
1846 3780 1909 3856 is
1968 3805 2207 3856 secum
2260 3788 2333 3854 et
2373 3780 2738 3855 consilium
2786 3781 2938 3855 eius
2981 3785 3256 3878 reputet
3310 3786 3380 3853 et
3421 3803 3569 3852 am-

526 3897 983 3995 ·plitudinem.
1044 3891 1053 3902 ⁸
1106 3899 1244 3974 Rei
1314 3899 1746 3976 Christianae
1805 3923 1933 3999 pro
2000 3899 2261 3974 viribus
2320 3900 2708 3998 prospicere
2727 3959 2748 3988 ‚
2810 3898 3156 3974 Ecclesiae
3211 3897 3574 3972 commoda

547 4023 779 4089 sancte
826 4041 1064 4092 curare
1082 4076 1103 4107 ,
1156 4019 1417 4094 lactum
1463 4019 1704 4095 salutis
1717 4079 1739 4110 ,
1795 4043 1919 4119 per
1953 4019 2345 4097 Cumarum
2388 4027 2626 4118 partae
2643 4078 2664 4108 ‚
2727 4018 3058 4094 nuntium
3117 4017 3209 4093 ad
3258 4015 3572 4091 homines

545 4143 827 4233 peccato
880 4137 1166 4212 miseros
1232 4138 1529 4237 perferre
1548 4197 1569 4228 ,
1633 4148 1862 4215 totum
1915 4139 2051 4214 Dei
2109 4139 2201 4215 ad
2261 4139 2615 4215 beandum
2660 4162 2883 4238 genus
2927 4137 3314 4213 humanum
3351 4136 3571 4211 consi-

546 4253 721 4328 lium
788 4277 915 4353 pro
978 4257 1303 4333 concione
1372 4283 1711 4358 exponere
1731 4319 1752 4349 ‚
1815 4259 1993 4334 ritus
2058 4259 2614 4359 ceremoniasque
2681 4257 2906 4333 sacras
2951 4257 3027 4331 in
3081 4255 3285 4332 aedib
3293 4279 3372 4331 us
3424 4256 3576 4329 Deo

550 4372 797 4447 dicatis
848 4373 1327 4452 administrare
1351 4436 1373 4467 ‚
1418 4403 1670 4478 pucros
1713 4379 2165 4479 hominesque
2212 4378 2520 4454 rudiores
2561 4378 2900 4454 exercitiis
2918 4435 2939 4465 ‚
2991 4400 3170 4475 quae
3216 4375 3543 4450 dicuntur
3556 4432 3577 4462 ‚

550 4491 987 4568 catecheticis
1032 4493 1125 4568 ad
1170 4495 1503 4574 sinceram
1548 4501 1916 4600 Euangeh'i
1960 4499 2451 4599 professionem
2494 4521 2896 4598 praeparare
2910 4554 2933 4585 ,
2983 4494 3292 4594 singulos
3339 4499 3576 4568 coetus

532 4614 771 4706 ‚socios
786 4672 807 4703 ,
864 4613 1196 4690 divinitus
1234 4615 1371 4690 sibi
1404 4618 1805 4693 commissos
1824 4676 1845 4706 ,
1894 4640 2020 4716 pro
2061 4615 2245 4692 varia
2280 4639 2518 4690 eorum
2553 4614 2783 4689 indole
2803 4671 2823 4702 ,
2872 4619 3096 4688 aetate
3117 4669 3138 4700 ,
3185 4609 3576 4686 conditione

552 4732 931 4832 prudenter
1004 4734 1374 4812 admonere
1388 4795 1410 4826 ‚
1480 4733 1814 4836 corrigere
1832 4795 1855 4826 ,
1912 4735 2248 4812 consolari
2305 4733 2632 4832 omnique
2691 4757 2858 4808 cura
2913 4731 2991 4806 id
3051 4754 3256 4830 agere
3269 4787 3290 4820 ,
3354 4737 3436 4805 ut
3486 4730 3578 4806 ad

560 4853 770 4929 vitam
846 4877 1001 4932 vere
1069 4854 1536 4934 Christianam
1604 4857 2071 4958 perducantur
2126 4863 2337 4958 atque
2394 4855 2498 4932 ita
2556 4879 2605 4930 a
2647 4858 2928 4954 peccato
2977 4849 3264 4950 eiusque
3307 4849 3580 4926 miseria

3047 4973 3094 5044 6
