4934 6184
1754 685 2308 756 ORATIO.
2914 669 2923 677 ’
3066 759 3071 764 ,
3456 681 3542 748 45

519 898 825 974 bendum
889 893 1390 970 trahendumve
1449 898 1523 968 et
1566 918 1770 970 canes
1821 897 1912 970 ad
1956 895 2348 970 venandum
2389 891 2687 967 exerceri
2736 890 3157 966 videantur.·
3214 889 3367 963 Nec
3420 888 3539 963 de·

519 1024 721 1104 sunt,
759 1016 970 1090 cheul
1010 1019 1244 1089 nostra
1281 1013 1526 1089 saltem
1566 1022 1824 1103 aetate,
1854 1015 2035 1088 inter
2066 1013 2405 1090 variarum
2443 1011 2861 1087 familiarum
2898 1010 3537 1096 Protestantes‚

515 1136 641 1234 qui
709 1135 931 1210 simile
1002 1134 1174 1233 quid
1237 1157 1402 1232 prae
1464 1132 1841 1209 liberaliori.
1891 1134 2324 1208 institutione
2388 1130 2804 1206 Academica
2861 1130 2932 1202 in
2988 1128 3161 1203 votis
3213 1127 3535 1202 habeant.

519 1255 660 1330 Sed
723 1255 917 1330 nulla
984 1260 1249 1352 potest,
1311 1252 1448 1326 nisi
1505 1252 1700 1327 fallor
1719 1311 1740 1341 ‚
1806 1253 1878 1327 in
1935 1277 2084 1327 rem
2125 1251 2585 1326 Christianam
2633 1247 2983 1348 capitalior
3026 1245 3239 1346 pestis
3281 1245 3535 1345 impor-

517 1375 685 1463 tari,
751 1398 968 1472 quam
1028 1371 1430 1447 huiusmodi
1491 1371 1839 1446 illiberalis
1881 1370 2136 1470 agendi
2171 1370 2345 1445 ratio
2367 1429 2387 1458 ,
2445 1368 2560 1444 cui
2608 1367 2715 1442 vel
2757 1367 3155 1441 effrenatam
3198 1363 3537 1438 studioso-

512 1515 672 1567 rum
747 1492 1093 1567 licentiam
1167 1515 1384 1590 paene
1448 1491 1964 1590 praeferendam
2026 1489 2360 1565 duxerim.
2480 1487 2722 1567 Quid?
2792 1486 2982 1584 quod
3046 1511 3135 1560 ne
3193 1483 3539 1584 praeclaro

517 1611 802 1710 quidem
867 1610 1324 1684 institutionis
1343 1667 1364 1696 ‚
1433 1632 1644 1706 quam
1688 1607 2174 1704 descripsimus
2192 1663 2212 1694 ,
2275 1605 2555 1680 nomine
2598 1603 3031 1678 abutendum
3084 1610 3190 1676 est
3212 1660 3231 1689 ,
3250 1601 3406 1675 *ubi
3451 1601 3539 1674 de
3662 1672 3673 1683 ,

517 1729 820 1818 talibus,
885 1728 1142 1827 quibus
1190 1727 1342 1825 ipsa
1401 1724 1839 1800 subvertatur
1902 1725 2204 1799 humana
2247 1729 2533 1810 natura,
2584 1747 2807 1797 sermo
2856 1732 2982 1797 est.
3082 1723 3237 1796 Iam
3285 1743 3443 1795 vero
3482 1720 3544 1794 si

517 1849 700 1924 inter
763 1848 888 1922 has
966 1848 1106 1921 fere
1171 1844 1520 1945 oppositas
1581 1843 1942 1919 hominum
1997 1843 2352 1943 opiniones
2407 1843 2637 1918 media
2683 1842 3025 1939 quaedam
3076 1840 3382 1915 ineunda
3434 1839 3544 1914 via

519 1977 628 2042 est
647 2025 667 2054 ,
723 1991 934 2064 quam
979 1965 1283 2040 tenuisse
1324 1963 1650 2038 dicuntur
1693 1963 1916 2053 beati,
1936 2049 1945 2057 ἱ
1965 1965 2148 2039 ultro
2193 1989 2266 2038 se
2307 1963 2508 2038 nobis
2554 1961 2754 2036 offert
2796 1968 3169 2035 memorata
3203 1959 3322 2035 illa
3363 1961 3541 2035 Aca-

519 2085 788 2160 demica
835 2084 1183 2159 institutio
1203 2143 1222 2172 ,
1259 2108 1486 2181 ⁴quam
1528 2108 1570 2158 a
1611 2065 1989 2157 maioribus
2035 2083 2286 2156 nostris
2305 2139 2326 2172 ,
2355 2083 2537 2156 'viris
2574 2079 3131 2180 prudentissimis
3149 2137 3169 2166 ‚
3217 2079 3545 2154 traditam

519 2203 928 2302 accepimus,
1047 2205 1178 2277 Est
1260 2201 1444 2277 enim
1467 2259 1486 2291 ,
1561 2201 1904 2300 sapienter
1975 2201 2287 2277 adhibita
2305 2260 2324 2289 ,
2396 2199 2743 2276 institutio
2813 2199 2951 2274 veri
3012 2197 3311 2273 nominis
3330 2256 3350 2286 ,
3416 2187 3589 2270 nec*

511 2331 748 2397 tamen
801 2321 992 2396 aliud
1046 2323 1218 2421 quid
1259 2347 1471 2421 quam
1519 2344 1709 2396 mera
1749 2320 2115 2396 institutio,
2190 2322 2284 2394 Et
2331 2321 2509 2396 hanc
2551 2319 2836 2418 quidem
2877 2345 2993 2394 eos
3036 2317 3545 2398 institutionem

514 2439 606 2514 ad
675 2440 992 2515 futurum
1070 2441 1434 2515 Sacrorum
1501 2440 1882 2515 antistitem
1943 2440 2384 2515 formandum
2447 2439 2652 2538 longe
2698 2438 3127 2538 aptissimam
3181 2437 3529 2524 habuisse,

513 2557 621 2632 vel
679 2559 846 2633 inde
903 2559 1061 2633 licet
1125 2559 1460 2659 suspicari
1479 2617 1500 2647 ‚
1566 2559 1756 2658 quod
1823 2559 1896 2634 in
1951 2559 2328 2635 condendis
2381 2558 2779 2634 Academiis
2848 2557 3193 2633 Ecclesiae
3248 2555 3546 2631 maxime

515 2677 812 2752 salutem
873 2677 963 2752 ob
1038 2678 1273 2753 oculos
1344 2677 1734 2755 habuerint.
1833 2679 2222 2753 Voluerunt
2269 2678 2453 2752 enim
2476 2737 2495 2766 ‚
2558 2681 2649 2750 'ut
2708 2676 2820 2750 hic
2866 2684 2937 2752 et
2986 2676 3152 2751 alibi
3194 2700 3357 2750 cum
3396 2675 3549 2751 aliis

515 2793 901 2892 disciplinis
962 2794 1140 2868 bene
1204 2794 1446 2869 multis
1503 2795 1904 2893 praesertim
1967 2795 2382 2894 Theologiae
2425 2795 2789 2894 disciplina
2808 2854 2827 2883 ‚
2875 2803 3209 2894 tanquam
3262 2796 3334 2868 in
3382 2795 3545 2868 sede
3672 2831 3679 2839 ·

513 2910 890 3009 tranquilla
945 2920 1018 2986 et
1074 2919 1462 3012 opportuna
1480 2971 1500 3002 ,
1561 2913 1902 2989 habitaret
1961 2922 2032 2988 et
2096 2916 2518 2990 excoleretur
2564 2920 2841 2990 strenue
2858 2973 2879 3004 ,
2944 2915 3128 2988 unde
3178 2911 3563 3013 quotannis

518 3029 698 3104 bene
759 3033 1148 3128 praeparati
1207 3031 1560 3130 prodirent
1610 3033 1966 3107 Sacrorum
2015 3035 2358 3108 antistites
2375 3092 2395 3121 ‚
2447 3009 2605 3108 vero
2650 3035 2913 3134 ingenii
2961 3035 3312 3131 animique
3353 3033 3553 3112 cultu
3630 3099 3641 3110 .

517 3147 1128 3224 commendabiles,
1231 3148 1453 3225 Cuius
1491 3149 1592 3223 rei
1623 3151 1982 3249 egregium
2021 3151 2360 3225 habemus
2392 3135 2621 3248 atque
2640 3151 2831 3224 omni
2866 3149 3298 3224 dubitatione
3324 3151 3551 3224 maius

516 3267 1013 3342 documentum
1085 3267 1491 3342 historicum
1544 3268 1617 3342 in
1679 3269 1931 3358 literis,
1997 3295 2040 3345 a
2082 3271 2477 3347 Gumnnuo
2529 3270 2602 3357 I,
2651 3268 2958 3366 principe
3010 3269 3544 3374 Arausiaco,

517 3386 607 3460 ad
673 3384 1218 3461 illustrissimum
1285 3386 1495 3461 huius
1557 3387 1972 3464 Academiae
2039 3395 2357 3464 senatum
2427 3387 2659 3464 missis
2730 3389 2816 3462 de
2874 3389 3171 3462 Diuum
3226 3389 3507 3488 negotio
3524 3447 3544 3476 ,

518 3526 698 3578 anno
770 3525 1180 3591 Mnnxxxn,
1255 3501 1381 3576 ubi
1446 3503 1660 3578 amihi
1725 3528 1888 3580 sane
1911 3507 1981 3593 ‚”
2053 3507 2322 3605 inquit,
2397 3531 2600 3581 neum
2671 3507 2974 3605 primum
3040 3515 3277 3582 auctor
3322 3533 3545 3582 essem

531 3620 1040 3698 “instituendae
1091 3619 1397 3709 scholae,
1459 3621 1635 3697 illud
1679 3624 1996 3723 inprimis
2039 3626 2470 3727 propositum
2523 3633 2672 3700 erat
2687 3684 2708 3714 ‚
2758 3634 2840 3699 ut
2890 3626 3105 3700 studii
3150 3626 3545 3726 Theologici

527 3739 794 3839 aprima
833 3747 905 3814 et
959 3763 1233 3815 summa
1271 3739 1643 3826 haberetur
1685 3743 1931 3818 ratio.'’
2030 3745 2243 3822 Quod
2300 3744 2490 3819 idem
2550 3746 2639 3818 de
2683 3745 2927 3819 ceteris
2960 3745 3285 3820 omnibus
3323 3746 3544 3821 valere

517 3866 754 3958 postea
806 3857 1104 3934 conditis
1158 3859 1235 3933 in
1294 3859 1518 3958 patria
1559 3869 1792 3937 nostra
1837 3863 2228 3940 Academiis
2246 3922 2267 3952 ‚
2315 3864 2430 3938 vix
2474 3871 2619 3952 est,
2670 3865 2858 3962 quod
2905 3887 3247 3940 moneam.
3346 3864 3543 3939 Haec

520 3985 758 4052 autem
808 3977 896 4051 de
941 3977 1400 4053 institutionis
1429 3978 1884 4057 Academicae
1927 3982 2002 4056 in
2043 3982 2420 4059 Ecclesiam
2462 3983 2533 4058 vi
2575 3982 3057 4086 saluberrima,
3105 4007 3229 4081 per
3262 3984 3541 4083 longam

519 4121 860 4173 annorum
907 4097 1152 4172 seriem
1199 4122 1336 4172 usu
1373 4097 1814 4197 comprobata
1831 4158 1852 4187 ,
1899 4099 2132 4198 opinio
2172 4100 2272 4176 ita
2318 4100 2609 4176 invaluit
2654 4099 2843 4204 apud
2894 4109 3233 4177 nostrates
3251 4161 3272 4191 ‚
3325 4111 3405 4177 ut
3456 4103 3542 4178 de

521 4215 654 4292 alia
714 4216 1078 4291 Sacrorum
1152 4216 1480 4292 antistitis
1528 4218 1874 4294 formandi
1922 4219 2185 4294 ratione
2227 4243 2316 4294 ne
2360 4220 2808 4319 cogitaverint
2850 4222 3132 4321 quidem
3181 4231 3252 4299 et
3296 4249 3339 4298 a
3380 4249 3541 4298 con·

439 4356 444 4364 ·
523 4336 769 4422 dendis
787 4395 808 4424 ,
876 4359 1056 4434 quae
1120 4337 1424 4414 diximus
1441 4397 1462 4428 ,
1533 4337 1915 4413 seminariis
1969 4338 2399 4438 Theologicis
2451 4364 2693 4414 omnes
2746 4339 3089 4441 hodieque
3136 4342 3547 4417 abhorreant

521 4455 853 4556 Theologi
916 4456 1350 4534 liberaliores.
1450 4458 1606 4533 Imo
1674 4481 1834 4532 vero
1900 4459 2293 4556 nuperrime
2353 4458 2507 4559 lege
2575 4461 2764 4559 apud
2834 4461 3267 4535 Reformatos
3330 4459 3539 4532 eccle-

523 4575 795 4650 siastica
847 4575 1076 4650 denuo
1117 4575 1468 4660 ,sancitum
1509 4585 1616 4652 est
1634 4635 1654 4666 ,
1704 4577 2052 4652 neminem
2101 4601 2381 4676 prorsus
2424 4578 2516 4651 ad
2562 4601 2819 4652 munus
2864 4601 3134 4666 sacrum
3151 4633 3171 4664 ,
3222 4576 3543 4652 instituto

525 4695 872 4783 examine,
931 4695 1064 4770 rite
1128 4697 1511 4795 promoveri
1569 4721 1768 4796 posse
1788 4755 1808 4784 ‚
1868 4675 2005 4770 nisi
2060 4697 2184 4793 qui
2247 4722 2368 4795 per
2417 4705 2556 4770 tres
2623 4705 3001 4792 quatuorve
3068 4719 3285 4772 annos
3304 4753 3323 4782 ,
3384 4721 3539 4795 pro-

525 4813 856 4890 bantibus
899 4815 1408 4892 Professoribus
1425 4874 1446 4906 ,
1493 4815 1910 4891 Academiae
1947 4814 2334 4914 studiisque
2383 4815 2456 4890 in
2506 4813 2880 4892 Academia
2920 4814 3347 4916 Theologicis
3388 4817 3543 4896 dili-
