4934 6184
1768 654 2322 724 ORATIO.
3430 653 3557 722 103

525 873 843 956 censeat,
883 863 1192 966 potuisse
1233 885 1395 938 eum
1439 861 1666 962 magis
1721 887 1960 940 curare
1998 869 2360 940 externum
2399 860 2701 961 corporis
2736 859 3053 936 habitum
3116 861 3557 960 cultumque,

527 987 684 1062 talis
739 986 1004 1062 incuria
1040 983 1229 1060 eadit
1269 981 1462 1058 haud
1512 1005 1664 1057 raro
1711 983 1784 1057 in
1832 982 2130 1082 optimos
2182 991 2255 1057 et
2303 980 2804 1057 eruditissimos
2852 980 3049 1056 viros.
3150 981 3352 1056 Idem
3400 997 3558 1055 vero

526 1104 726 1180 bonis
779 1104 1046 1180 artibus
1103 1099 1458 1198 literisque
1476 1157 1498 1188 ‚
1552 1124 1732 1197 quae
1780 1099 1872 1174 ad
1917 1100 2424 1176 humanitatem
2465 1099 2851 1199 pertinent,
2901 1100 3175 1200 egregie
3218 1108 3365 1175 erat
3402 1124 3556 1176 eru·

523 1220 715 1298 ditus
734 1281 754 1313 ‚
825 1211 949 1298 tali
1011 1228 1249 1297 autem
1316 1223 1466 1294 erat
1531 1219 1748 1294 animi
1803 1219 2102 1297 candore
2161 1228 2372 1320 atque
2425 1220 2867 1318 simplicitate
2886 1277 2905 1308 ‚
2966 1228 3061 1320 ut,
3092 1243 3253 1295 cum
3302 1219 3557 1295 amicos

523 1343 818 1433 coleret,
883 1349 1040 1416 tum
1097 1340 1185 1414 de
1241 1338 1539 1414 inimicis
1599 1363 1846 1446 aeque⁴
1879 1348 1952 1415 et
2007 1340 2320 1414 modeste
2369 1339 2810 1414 existimaret.
2908 1339 3369 1438 Aegrotantes
3434 1364 3559 1414 au·

521 1469 666 1536 tem
707 1463 784 1537 in
829 1459 1094 1560 primis·
1117 1457 1358 1558 magni
1415 1483 1578 1534 eum
1637 1458 2002 1536 faciebant.
2100 1459 2251 1534 Nec
2296 1458 2590 1534 miruml
2692 1457 2877 1532 Nam
2926 1457 3065 1546 illi,
3114 1483 3327 1557 penes
3385 1483 3561 1557 quos

516 1591 630 1658 est
685 1582 936 1658 harum
993 1603 1228 1655 rerum
1284 1578 1655 1666 iudicium,
1719 1579 2063 1678 optimum
2129 1603 2294 1664 eum
2359 1601 2511 1652 esse
2564 1583 2983 1652 censuerunt
3039 1581 3517 1676 diuque-sticum
3534 1636 3555 1665 ,

519 1703 648 1802 qui
715 1722 938 1800 quum
999 1707 1318 1775 naturam
1385 1697 1612 1774 morbi
1667 1698 1928 1797 optime
1997 1697 2447 1797 perspiceret,
2514 1695 2896 1794 simplicem
2955 1697 3021 1772 ei
3074 1698 3557 1798 propriamque

521 1820 940 1896 medicinam
974 1842 1058 1892 eo
1096 1817 1362 1892 facilius
1403 1815 1832 1915 adplicabat,
1883 1842 2022 1916 quo
2057 1817 2206 1916 ipse
2249 1816 2322 1892 in
2362 1841 2438 1892 re
2474 1816 3027 1916 pharmaceutica
3068 1825 3215 1894 erat
3253 1818 3554 1917 peritior.

518 1940 796 2030 Quanta
843 1944 1077 2013 autem
1137 1937 1272 2036 ipsi
1314 1944 1498 2012 esset
1545 1938 2052 2036 aegrotantium
2097 1961 2260 2011 cura
2279 1995 2300 2025 ,
2353 1961 2436 2011 eo
2490 1936 2931 2035 potissimum
2980 1925 3289 2036 tempore
3346 1963 3556 2038 appa-

518 2057 701 2145 ruit,
749 2080 891 2156 quo
949 2055 1344 2130 Traiectum
1398 2063 1872 2154 penetraverat
1921 2055 2136 2130 tristis
2189 2055 2304 2130 ille
2353 2054 2640 2130 morbus
2659 2113 2678 2142 ‚
2732 2055 2931 2130 cuius
2980 2064 3227 2132 natura
3246 2115 3266 2145 ,
3317 2082 3555 2147 causa,

523 2178 840 2253 universa
884 2174 1184 2273 denique
1231 2175 1407 2250 ratio
1449 2175 1678 2252 adhuc
1719 2174 2200 2260 doctissimum
2245 2198 2595 2274 quemque
2640 2173 2865 2250 latuit.
2963 2175 3333 2275 Ingruenti
3374 2177 3557 2252 malo

517 2296 792 2372 obviam
837 2294 964 2369 ivit
1017 2317 1114 2368 nn
1169 2294 1529 2368 Fanunar
1550 2350 1571 2382 ,
1621 2299 1732 2380 et,
1789 2291 1848 2366 si
1895 2291 2205 2367 doctrina
2229 2349 2249 2379 ,
2309 2293 2767 2391 experientia,
2818 2319 2983 2370 cura
3003 2354 3024 2383 ,
3073 2295 3327 2372 virtute
3371 2321 3556 2372 com-

393 2497 412 2514 ,
518 2415 725 2516 primi
787 2419 910 2490 aut
957 2413 1172 2490 arceri
1219 2438 1262 2488 a
1307 2412 1582 2489 civitate
1627 2419 1865 2489 nostra
1911 2412 2292 2512 potuisset,
2340 2413 2468 2488 hoe
2506 2413 2657 2489 eius
2710 2415 3151 2514 potissimum
3201 2416 3561 2515 diligentia

517 2535 844 2611 effectum
893 2533 1159 2610 fuisset.
1263 2534 1498 2611 Quem
1553 2557 1680 2608 sua
1733 2536 1950 2608 virtus
1991 2533 2509 2623 nobilitaverat,
2571 2558 2733 2610 eum
2787 2558 2912 2634 pro
2958 2535 3221 2610 meritis
3276 2536 3561 2612 Ordinis

517 2656 768 2732 Leonis
818 2653 1085 2754 Belgici
1140 2652 1472 2753 Equitem
1519 2651 1774 2728 creavit
1820 2651 1977 2726 Rex
2019 2651 2607 2751 Angustissimus.
2702 2653 2955 2752 Magni
3000 2654 3185 2730 hunc
3230 2655 3560 2730 honorem

516 2782 590 2848 et
631 2775 782 2877 ipse
825 2772 1124 2848 faciebat
1159 2779 1232 2846 et
1249 2829 1270 2861 ,
1321 2770 1513 2870 quod
1554 2771 1628 2844 in
1667 2795 1750 2844 eo
1787 2769 2218 2845 laudandum
2256 2795 2501 2847 censeo
2520 2829 2541 2861 ,
2571 2771 2801 2872 palam
2826 2773 2901 2847 id
2924 2773 3377 2872 profitebatur
3390 2809 3409 2863 ;
3438 2776 3563 2850 sed

518 2891 758 2991 magni
811 2889 1024 2965 etiam
1069 2889 1200 2966 hoc
1252 2889 1600 2965 faciebant
1645 2889 1746 2962 illi
1765 2947 1785 2977 ,
1837 2888 1959 2987 qui
1977 2947 1998 2977 ,
2047 2889 2156 2964 vel
2202 2889 2277 2964 in
2327 2889 2613 2965 medicis
2634 2948 2655 2978 ,
2705 2891 2815 2964 vel
2863 2892 2937 2964 in
2989 2892 3561 2990 pharmaceuticis

519 3009 1007 3098 societatibus,
1031 3033 1219 3084 eum
1271 3009 1534 3084 socium
1586 3008 1944 3084 habebant
1991 3009 2271 3084 doctum
2295 3067 2314 3098 ,
2365 3008 2637 3086 facilem
2656 3068 2678 3099 ,
2726 3011 3053 3087 omnibus
3104 3013 3558 3089 carissimum.

617 3129 856 3204 Talem
928 3127 1229 3203 vidimus
1299 3127 1635 3227 collegam
1727 3136 2044 3203 nostrum
2064 3186 2086 3218 ‚
2155 3128 2314 3202 talis
2392 3127 2595 3204 nobis
2613 3187 2634 3218 ,
2718 3129 3033 3228 inprimis
3102 3155 3259 3206 vero
3321 3132 3520 3208 uxori
3539 3191 3560 3220 ,

518 3247 679 3325 filiis
743 3255 817 3321 et
876 3247 1154 3322 filiabus
1222 3246 1592 3346 derepente
1613 3305 1634 3336 ,
1707 3246 1882 3322 nihil
1941 3247 2079 3324 tale
2141 3235 2589 3347 opinantibus
2611 3307 2632 3337 ,
2703 3256 2981 3349 ereptus
3054 3249 3189 3324 fuit
3256 3249 3324 3326 d.
3376 3255 3421 3328 ¹7
3464 3277 3558 3328 m.

520 3369 709 3466 Sept.
777 3367 990 3441 1855.
1107 3365 1456 3466 Equidem
1519 3367 1672 3442 Deo
1739 3367 1907 3466 Opt.
1980 3368 2172 3446 Max.
2245 3368 2503 3460 gratias
2568 3393 2703 3468 ago
2721 3427 2741 3457 ,
2808 3369 2999 3468 quod
3073 3369 3247 3449 mihi
3314 3371 3559 3448 datum

518 3487 652 3562 fuit
715 3485 910 3562 vobis
928 3544 949 3576 ,
1009 3486 1310 3585 collegae
1371 3486 1951 3564 coniunctissimi!
2003 3487 2216 3564 funus
2265 3486 2685 3564 ducentibus
2739 3513 3074 3587 praeesse.
3170 3489 3380 3566 Adsit
3440 3491 3557 3566 ille

523 3608 765 3684 viduae
788 3665 810 3696 ‚
863 3605 1047 3682 adsit
1105 3605 1375 3682 liberis!

619 4085 736 4160 Ad
789 4092 860 4162 te
906 4111 1022 4163 me
1064 4093 1420 4177 converto,
1490 4085 1866 4166 clarissime
1928 4086 2475 4166 Gonnonvnnnl
2579 4085 2783 4161 Unus
2831 4093 2913 4162 tu
2967 4103 3131 4164 cum
3178 4087 3555 4166 clarissimo

522 4203 976 4282 Sunnnmno
1019 4215 1366 4308 superstes
1406 4232 1646 4284 eorum
1661 4265 1684 4298 ‚
1733 4231 1908 4309 quos
1957 4213 2121 4282 ante
2163 4207 2290 4282 hos
2333 4205 2621 4306 triginta
2669 4205 2978 4307 quinque
3021 4232 3237 4285 annos
3280 4208 3547 4284 Profes-

523 4348 710 4398 sores
774 4326 1194 4402 'I'raiectinos
1276 4327 1736 4427 suspiciebam
1750 4386 1772 4417 ,
1847 4351 2010 4402 eum
2092 4327 2419 4403 subsellia
2497 4347 2641 4408 una
2702 4353 2866 4403 cum
2924 4331 3107 4404 Iano
3171 4351 3321 4404 vm
3398 4339 3547 4402 nna

523 4445 843 4536 Honvnn
863 4503 884 4536 ‚
933 4448 1357 4536 Gmnnmro
1399 4446 1692 4522 Vaomx
1709 4507 1730 4537 ‚
1780 4449 2050 4523 Incono
2093 4449 2457 4522 Anou’no
2508 4448 2813 4524 OAnoLo
2861 4449 3161 4523 Rovnns
3224 4453 3295 4521 et
3356 4446 3545 4520 Con-

523 4587 835 4640 sunno
897 4565 1172 4642 Nrcn‘rr
1236 4590 1568 4666 occupare
1627 4568 1800 4644 mihi
1847 4567 2160 4666 contigit.
2259 4569 2509 4668 Nuper
2562 4575 2796 4643 autem
2845 4566 2974 4640 tibi
2993 4624 3014 4654 ‚
3063 4575 3144 4640 ut
3198 4571 3359 4639 ante
3416 4563 3546 4639 hoc

525 4685 904 4763 triennium
946 4687 1084 4776 illi,
1121 4687 1544 4764 vacationem
1579 4689 1885 4764 muneris
1927 4686 2174 4764 tribuit
2201 4686 2356 4762 Rex
2383 4685 2971 4784 Angustissimus.
3043 4685 3191 4760 Diu
3208 4743 3229 4773 ,
3266 4707 3506 4783 precor
3523 4743 3543 4774 ,

523 4830 847 4886 concesso
911 4806 1044 4884 tibi
1105 4807 1248 4884 otio
1310 4807 1578 4894 fruare}
1675 4809 1966 4886 Interim
2018 4831 2176 4884 vero
2239 4805 2372 4882 tibi
2427 4829 2633 4882 curae
2680 4804 3007 4908 cordique
3058 4829 3209 4892 esse
3253 4815 3548 4906 pergant
