4934 6184
1341 715 1472 784 232
2425 707 2493 772 C.
2566 703 2643 770 11.
2714 701 3295 768 FRAXCKEX

1189 975 1202 990 ·
1337 949 1502 1002 nem
1569 921 1726 998 dieo
1791 925 1938 994 arte
1999 913 2236 992 eritiea
2299 919 2372 988 et
2435 909 2889 1014 grammatica
2944 907 3233 997 fultam,
3296 915 3371 982 et
3428 905 3765 982 iudicium
3816 907 3907 982 de
3958 907 4371 1006 scriptorum

1341 1041 1714 1120 virtutibus
1757 1039 2100 1138 vitiisque.
2201 1033 2392 1112 Male
2431 1033 2731 1111 audiunt
2774 1032 2967 1132 apud
3012 1031 3397 1133 philologos
3436 1029 3793 1104 aeetketici
3822 1029 3947 1127 qui
4000 1039 4367 1116 vocantur,

1339 1161 1528 1264 quod
1589 1185 1830 1296 saepe,
1889 1181 2136 1260 parum
2193 1156 2300 1232 vel
2345 1179 2392 1230 a
2443 1153 2723 1254 linguae
2772 1153 3061 1228 seientia
3112 1149 3221 1240 vel
3258 1177 3304 1226 a
3344 1147 3799 1226 rafiodnandi
3846 1147 4213 1247 prudentia
4252 1149 4367 1223 in·

1337 1279 1619 1372 structi,
1687 1280 1760 1356 in
1829 1277 2174 1356 veteribus
2241 1273 2775 1374 interpretandis
2854 1296 3205 1374 nusquam
3266 1295 3409 1348 non
3478 1269 3897 1370 elegantiam
3962 1277 4037 1344 et
4100 1269 4363 1368 hpores

1341 1411 1716 1492 venentur,
1775 1409 1846 1478 et
1911 1399 2292 1477 exclamare
2343 1393 2591 1472 malint
2646 1418 2845 1496 quam
2900 1393 3116 1470 belle!
3168 1419 3369 1496 qnam
3416 1393 3805 1492 eleyanter!
3870 1415 4087 1490 quam
4136 1389 4359 1465 sobrio

1337 1545 1642 1624 sanoque
1691 1520 1948 1598 iudicio
1991 1519 2267 1620 singula
2305 1515 2705 1618 ponderare.
2802 1515 2907 1590 At
2944 1512 3065 1590 alii
3102 1521 3323 1590 artem
3372 1511 3681 1588 eritieam
3730 1519 3804 1586 et
3842 1512 4367 1610 grammaticam

1339 1642 1540 1720 unice
1601 1641 1992 1718 factitantes
2047 1638 2428 1740 elegantiae
2484 1635 3101 1724 existimationem,
3148 1631 3351 1735 quasi
3390 1631 3570 1708 infra
3620 1656 3697 1706 se
3752 1630 4089 1766 positam,
4134 1631 4363 1732 despi-

1333 1761 1570 1850 ciunt;
1635 1785 1811 1862 quos
1865 1783 2272 1860 penuasum
2329 1753 2553 1832 habeo
2606 1753 2933 1852 equidem
2986 1752 3249 1852 optime
3310 1775 3475 1828 sane
3518 1761 3841 1828 naturam
3884 1760 3958 1826 et
4002 1753 4365 1852 ingenium

1335 1879 1748 1982 scriptorum
1793 1885 2148 1980 perspecta
2195 1875 2448 1953 habere
2467 1933 2489 1964 ‚
2536 1874 2687 1949 sine
2746 1871 3005 1972 quibus
3052 1872 3289 1948 eritiea
3338 1895 3429 1948 ne
3474 1871 3763 1971 eogitari
3784 1871 4071 1971 quidem
4096 1883 4324 1972 potest
4344 1933 4365 1962 ,

1339 2009 1410 2076 et
1449 2005 1632 2077 reete
1679 1998 2072 2076 existimare
2089 2055 2112 2088 ‚
2159 1994 2605 2074 aesthetieam
2652 1992 2876 2082 illam,
2926 1993 2988 2067 si
3036 1991 3111 2068 in
3166 1991 3679 2094 interpretando
3734 1989 3995 2090 ubique
4040 1992 4367 2069 adhibea-

1339 2129 1484 2208 tur,
1535 2118 1854 2220 putidam
1893 2117 2044 2194 fieri
2087 2124 2158 2192 et
2193 2115 2529 2192 insulsam
2544 2147 2564 2204 ς
2605 2121 2680 2189 at
2716 2137 2756 2188 e
2794 2111 3133 2188 sonnatio
3168 2111 3381 2188 libros
3414 2121 3725 2188 veterum
3764 2109 4045 2186 edentes
4080 2111 4365 2201 nollem,

1341 2237 1532 2338 quod
1587 2261 1774 2314 nune
1821 2236 2108 2339 quidam
2151 2235 2452 2324 faciunt,
2502 2257 2745 2310 omnes
2790 2231 2991 2332 sequi
3007 2292 3028 2323 ,
3082 2239 3164 2307 ut
3198 2232 3393 2308 omni
3436 2229 3901 2335 disputatione
3944 2231 4033 2305 de
4072 2231 4358 2307 consilio

1345 2356 1692 2460 scriptoris
1741 2365 1812 2434 et
1855 2355 2250 2458 argumenti
2286 2354 2694 2430 tractatione
2730 2351 2983 2428 omissa
3004 2411 3026 2442 ,
3057 2351 3573 2428 annotationem
3594 2359 3737 2426 tam
3764 2351 4073 2450 angustis
4096 2351 4357 2426 finibus

1347 2475 1912 2552 circumscribant
1935 2534 1955 2566 ,
2007 2483 2084 2550 ut
2136 2473 2238 2550 nil
2275 2498 2496 2574 paene
2519 2531 2540 2563 ,
2592 2472 2727 2548 nisi
2782 2471 2953 2548 alios
2998 2475 3331 2550 caecutire
3348 2532 3369 2561 ,
3416 2471 3541 2571 qui
3593 2469 3782 2546 verbi
3832 2470 4193 2545 cuiusdam
4238 2481 4361 2547 aut

1345 2595 1708 2676 locutionis
1747 2619 1958 2672 usum
1981 2617 2120 2672 non
2147 2591 2658 2695 perspexerint,
2700 2595 2961 2694 ineptos
2982 2615 3133 2666 esse
3151 2650 3172 2681 ,
3213 2590 3337 2690 qui
3364 2589 3715 2690 vulgatam
3740 2588 4103 2664 lectionem
4132 2587 4365 2664 defen·

1343 2715 1550 2806 dant,
1601 2719 1896 2792 monstra
1919 2738 2070 2792 esse
2093 2713 2454 2790 verborum
2474 2772 2495 2804 ,
2546 2737 2724 2814 quae
2751 2712 2869 2788 alii
2896 2736 3119 2812 aequo
3141 2711 3373 2788 animo
3396 2711 3723 2800 tulerint,
3758 2717 4021 2785 notent.
4090 2708 4229 2784 His
4246 2735 4364 2809 op-

1345 2835 1552 2938 positi
1581 2834 1898 2970 perpetui
1937 2833 2368 2924 laudatores,
2411 2833 2535 2934 qui
2568 2833 3063 2935 praestantiam
3086 2833 3501 2934 scriptorum
3526 2831 3725 2908 uniee
3746 2837 4067 2930 stupent,
4106 2831 4365 2932 ingenii

1343 2958 1578 3032 carent
1631 2953 1777 3030 acie
1843 2959 1914 3028 et
1973 2951 2380 3030 dexteritate
2427 2951 2823 3046 divinandi,
2878 2975 3097 3052 eoque
3148 2959 3379 3030 errant
3420 2951 3623 3088 quod·
3656 2951 3959 3026 nimium
3998 2949 4363 3028 artificium

1345 3073 1694 3175 scriptori,
1737 3095 1950 3174 quem
1993 3073 2576 3174 interpretantur,
2622 3072 3033 3152 obtrudunt.
3106 3063 3461 3150 Nimirum
3504 3072 3629 3174 qui
3676 3079 3953 3148 tantum
4000 3072 4372 3173 elegantias

1346 3197 1585 3272 volunt
1625 3191 1894 3284 videre,
1947 3193 1998 3268 ii
2042 3191 2326 3270 tandem
2368 3191 2743 3292 aliquando
2776 3193 3001 3269 multa
3040 3191 3311 3282 vident,
3354 3215 3531 3292 quae
3556 3218 3682 3268 nos
3712 3193 4029 3294 vulgares
4060 3193 4369 3268 homines

1345 3315 1378 3386 f
1379 3312 1666 3414 ug1unt
1710 3336 1788 3388 ac
1831 3311 1892 3388 si
1935 3310 2214 3412 plenam
2254 3311 2689 3412 antiquitatis
2732 3321 2803 3388 et
2836 3310 3117 3413 linguae
3156 3313 3473 3388 notitiam
3512 3337 3651 3388 non
3698 3311 4034 3402 afferunt,
4076 3313 4359 3388 absurdi

1346 3441 1510 3506 sunt
1551 3440 1624 3505 et
1663 3429 1772 3506 vix
1812 3431 2094 3508 ferendi.
2165 3430 2386 3506 Alteri
2439 3455 2597 3506 vero
2624 3432 2787 3508 solis
2818 3431 3133 3508 scribunt
3164 3431 3531 3532 philologis
3548 3467 3567 3522 ς
3620 3443 3695 3510 at
3722 3433 3781 3508 si
3802 3457 4041 3508 omnes
4064 3433 4170 3508 his
4200 3433 4359 3508 scri-

1345 3549 1516 3626 bant
1535 3606 1556 3638 ,
1604 3571 1766 3626 mox
1807 3573 1888 3626 ea
1925 3558 2288 3650 spargetur
2327 3552 2703 3640 sententia,
2746 3559 2825 3626 ut
2856 3551 3185 3652 antiquae
3225 3552 3490 3628 litterae
3534 3553 3640 3628 his
3672 3553 4152 3653 relinquendae
4196 3553 4357 3628 sint.

1443 3667 1657 3772 Apud
1705 3693 1832 3744 nos
1881 3667 2204 3769 quidem,
2253 3669 2410 3747 AA.
2429 3731 2448 3760 ,
2490 3696 2627 3747 non
2668 3681 2775 3748 est
2824 3673 3013 3770 quod
3060 3671 3489 3754 affluentiam
3532 3673 3907 3772 elegantiae
3958 3679 4370 3748 sectatorum

1347 3813 1870 3892 conqueramur.
1973 3788 2248 3890 Ingenii
2289 3789 2508 3866 nostri
2548 3791 2849 3892 gravitas
2888 3791 3275 3892 prohibuit,
3316 3791 3691 3890 quominus
3730 3792 3823 3867 ad
3857 3792 4149 3891 ineptias
4184 3792 4366 3868 dela-

1349 3913 1706 3999 bez-emur,
1755 3931 2182 4010 quamquam
2245 3909 2489 3988 vellem
2508 3968 2529 4000 ,
2590 3911 3183 4011 quemadmodum
3227 3911 3321 3988 ad
3366 3911 3531 3988 vitia
3578 3912 3883 3988 notanda
3901 3970 3922 4001 ,
3974 3912 4072 3986 sie
4126 3912 4217 3987 ad
4264 3936 4372 3985 ve·

1351 4037 1662 4106 nustates
1705 4029 2180 4130 percipiendas
2221 4055 2513 4108 acumen
2554 4030 2807 4108 mentis
2844 4031 3380 4109 intenderemus.
3468 4033 3685 4131 Apud
3726 4034 4111 4108 Germanos
4154 4033 4373 4130 qualis

1357 4151 1388 4224 s
1389 4148 1561 4226 uerit
1634 4147 2092 4226 Wunannus
2113 4209 2133 4240 ,
2207 4151 2432 4251 qualis
2502 4151 2880 4242 Hnrmus,
2962 4153 3227 4230 nemini
3297 4160 3527 4255 potest
3588 4153 3799 4228 latere
3814 4187 3838 4241 ;
3908 4177 4085 4252 quos
4162 4153 4377 4227 secuti

1355 4269 1734 4346 Iomanes
1771 4267 2158 4348 Hannone
2191 4269 2414 4362 Voss,
2447 4273 2881 4362 Drssnmus,
2909 4273 3431 4364 Dumrzsnus,
3460 4271 3913 4348 ostenderunt
3938 4273 4041 4347 illi
4065 4273 4377 4370 exemplo

1355 4415 1482 4466 suo
1504 4448 1522 4480 ,
1586 4411 1798 4489 quam
1849 4387 2112 4466 lubrico
2155 4390 2230 4466 in
2279 4415 2533 4492 genere
2581 4401 3051 4484 versarentur,
3110 4417 3415 4471 amorem
3471 4403 3703 4470 tamen
3752 4401 4059 4468 veterum
4108 4393 4181 4468 in
4238 4393 4381 4466 suis

1354 4507 1786 4588 auditoribus
1833 4515 1957 4584 aut
2011 4509 2382 4588 lectoribus
2427 4512 2813 4590 excitarunt
2832 4571 2855 4604 ,
2922 4505 2993 4590 et
3046 4539 3253 4614 saepe
3296 4515 3607 4592 labentes
3662 4513 3965 4614 digitum
4011 4524 4242 4590 tamen
4288 4513 4375 4586 ad

1351 4629 1612 4706 fontem
1669 4627 2157 4721 intenderunt,
2217 4632 2404 4708 unde
2472 4657 2681 4710 suum
2730 4633 3059 4710 honorem
3122 4633 3231 4710 his
3286 4635 3531 4712 litteris
3579 4635 3651 4709 in
3698 4633 3909 4733 vulgo
3950 4633 4371 4708 eruditorum

1357 4747 1752 4826 restitutum
1799 4746 1884 4824 iri
1925 4773 2216 4851 sperem.
2317 4753 2459 4829 Sed
2500 4777 2679 4853 quae
2720 4751 3001 4830 libertas
3046 4753 3400 4830 iudicandi
3436 4756 3509 4830 in
3548 4754 3683 4830 alia
3726 4763 3921 4852 parte
3966 4752 4369 4856 philologiae

1355 4877 1600 4966 regnat
1618 4923 1638 4958 ,
1703 4889 1854 4944 eam
1924 4867 2036 4948 hie
2101 4895 2595 4974 saepenumero
2660 4873 2979 4952 desidero
2994 4909 3014 4967 ς
3086 4883 3157 4952 et
3224 4883 3512 4976 peccant
3533 4933 3554 4966 ‚
3614 4875 3746 4950 nisi
3806 4875 4040 4950 omnia
4090 4897 4199 4948 me
4242 4872 4369 4946 fal-
