4934 6184
1527 689 1915 762 SERIES
1983 685 2643 758 Lucrlonun.
3522 687 3678 756 65-

571 897 669 975 H.
719 899 926 976 0001
973 896 1200 974 tradet
1245 897 1374 974 Ius
1415 895 1770 976 criminale
1789 955 1814 992 ,
1861 848 2112 974 diebus
2151 897 2436 988 Lunae,
2482 893 2816 974 Mercurii
2840 900 2915 972 et
2938 894 3163 988 10vis,
3228 893 3604 974 hora-121.

763 1019 894 1094 Ius
914 1017 1275 1119 publicum
1302 1023 1377 1093 et
1402 1016 1736 1094 Gentium
1753 1075 1780 1109 ,
1827 1017 2076 1094 diebus
2101 1017 2346 1094 Lunae
2360 1074 2384 1108 ,
2420 1014 2674 1092 Martis
2700 1022 2775 1093 et
2798 1015 3129 1094 Mercurii
3144 1073 3169 1108 ,
3508 1015 3604 1096 X.

762 1137 892 1213 Ius
935 1137 1248 1214 naturale
1263 1193 1288 1228 ,
1333 1135 1585 1215 diebus
1627 1137 1872 1214 Lunae
1888 1195 1912 1229 ,
1959 1137 2212 1214 Martis
2257 1142 2331 1212 et
2375 1135 2707 1212 Mercurii
2724 1189 3164 1228 .......
3470 1134 3605 1213 XI.

763 1255 1104 1333 Ordinem
1145 1255 1572 1335 Iudiciorum
1615 1255 2079 1334 criminalium
2095 1313 2120 1348 ,
2167 1254 2416 1334 diebus
2457 1255 2744 1347 Lunae,
2791 1253 3045 1334 Martis
3094 1263 3169 1332 et

857 1374 1192 1452 Mercurii
1206 1432 1230 1466 ,
1299 1433 1320 1454 .
1393 1429 3158 1457 .........................
3428 1371 3605 1470 XII.

566 1496 627 1571 1.
695 1517 794 1572 nn
853 1495 1056 1572 wan·
1111 1494 1498 1572 Historiam
1553 1495 1740 1572 Iuris
1785 1495 2090 1574 Romani
2131 1492 2523 1585 enarrabit,
2582 1493 2831 1570 diebus
2873 1494 3119 1571 Lunae
3136 1551 3161 1584 ,
3388 1547 3397 1556 -

665 1615 920 1692 Martis
966 1622 1039 1691 et
1083 1614 1451 1706 Mercurii,
1521 1670 1542 1692 .
1609 1665 3165 1696 ......................
3468 1608 3606 1688 ΙΧ.
3728 1661 3733 1666 -

761 1733 1378 1834 Encyclopae'diam
1425 1738 1500 1808 et
1552 1731 2142 1834 Methodologiam
2203 1731 2388 1808 Iuris
2447 1730 2857 1833 explicabit,
2918 1731 3163 1808 iisdem

861 1851 1114 1929 diebus
1128 1897 3165 1944 .............................
3510 1851 3605 1928 X.

615 1979 624 1988 ’
760 1971 885 2046 Ius
930 1969 1418 2048 mercatorium
1464 1981 1798 2072 exponet,
1844 1971 1962 2048 die
2007 1970 2229 2060 Iovis,
2275 2027 2297 2051 .
2348 2031 2368 2048 .
2418 1983 2468 2053 ‚l
2493 2028 3164 2050 ..........
3406 1971 3559 2048 XII
3586 2030 3607 2061 ‚

957 2098 1030 2164 et
1075 2089 1192 2166 die
1235 2089 1574 2182 Veneris,
1621 2121 1668 2168 .·
1695 2145 3162 2169 .....................
3276 2088 3390 2166 IX
3412 2098 3485 2168 et
3507 2091 3603 2168 X.
3682 2081 3707 2108 ⁰

1341 2343 1356 2388 ‘-
1479 2327 1978 2407 FAOULTAS
2025 2327 2673 2406 THEOLOGICA.

567 2567 683 2644 W.
713 2569 804 2646 A.
835 2589 984 2643 vau
1003 2565 1354 2658 Hauon,
1397 2574 1758 2666 provectae
1801 2567 2047 2646 aetatis
2089 2591 2300 2644 causa
2335 2566 2513 2644 rude
2551 2565 2849 2644 donatus
2864 2622 2889 2657 ,
2915 2589 3156 2666 ‘quau-

663 2695 820 2762 tum
871 2709 1000 2788 per
1046 2685 1226 2764 vires
1271 2685 1547 2778 licebit,
1586 2686 2004 2763 Academiae
2045 2686 2374 2762 Alumnis
2411 2683 2737 2787 prodesse
2770 2684 3157 2763 conabitur.

767 2801 952 2880 Cum
1020 2801 1436 2902 'theologiae
1507 2803 1854 2878 Studiosis
1927 2802 2466 2904 provectioribus
2534 2802 2623 2890 de
2692 2803 2899 2880 variis
2956 2803 3169 2880 rebus

661 2919 672 2930 ’
861 2921 1193 3021 gravioris
1255 2921 1652 3021 argumenti
1689 2920 2116 2998 familiariter
2151 2919 2590 3022 colloquetur
2603 2977 2627 3011 ,
2675 2920 2789 2997 die
2835 2920 3127 3026 Veneris
3144 2979 3171 3013 ,
3452 2921 3607 2998 0V1.

563 3040 654 3114 N.
710 3037 792 3116 Ο.
841 3039 1033 3114 Krsr
1077 3038 1468 3115 Historiam
1515 3039 2043 3116 ecclesiasticam
2093 3033 2799 3140 docebit,''imprimis
2844 3042 3170 3117 recentio-

659 3183 800 3234 rem
817 3213 841 3247 ,
886 3155 1140 3234 diebus
1183 3157 1466 3249 Lunae,
1513 3157 1768 3234 Martis
1809 3165 1884 3233 ct
1921 3156 2274 3234 Mercuri'r
2267 3211 3172 3248 .............
3434 3159 3607 3235 XII.

736 3274 1192 3370 ‘Christianae
1238 3275 1524 3352 Morum
1574 3273 1998 3377 Disciplinae
2051 3281 2320 3378 partem
2375 3281 2675 3376 exponet
2719 3275 3165 3354 theoreticam
3402 3341 3413 3355 ,

855 3400 930 3470 et
972 3393 1344 3494 practicam
1357 3451 1381 3485 ,
1428 3393 1678 3470 diebus
1718 3395 1960 3472 Lunae
1976 3453 2000 3487 ,
2047 3393 2382 3472 Mercurii
2421 3401 2496 3471 et
2532 3394 2824 3472 Veneris
2839 3451 3157 3487 .....
3466 3395 3601 3472 XI.

760 3514 1189 3614 Scriptorum
1229 3513 1899 3607 Ecclesiasticorum,
1934 3514 2236 3593 maxime
2272 3514 2736 3616 Belyioorum,
2776 3513 3163 3594 Historiam

829 3633 1131 3726 tradet,
1179 3633 1430 3710 diebus
1475 3635 1663 3712 Iovis
1707 3640 1782 3710 et
1816 3633 2108 3711 Veneris
2126 3689 3163 3726 ...............
3427 3634 3603 3710 XII.

713 3753 1112 3832 Historiae
1131 3753 1625 3832 ecclesiasticae
1643 3753 1892 3829 veteris
1907 3752 2370 3828 Monumenta
2391 3758 2721 3852 exponet,
2742 3751 2857 3828 die
2878 3751 3161 3844 Martis,
3466 3751 3599 3829 XI.

557 3965 560 3977 Ι
673 3854 688 3868 ’
764 3872 1220 3950 Orationibus
1272 3873 1482 3950 sacris
1521 3871 1854 3974 praeerit,
1918 3871 2032 3947 die
2080 3869 2371 3961 Martis,
2343 3924 3175 3949 ............
3458 3869 3608 3947 ΙΙ.

569 3995 627 4069 Ι.
677 3991 778 4071 H.
829 3981 1257 4084 Scaeam,
1301 3991 1786 4094 Dogmaticam
1821 3988 2288 4068 Christianam
2323 3987 2587 4080 tradet,
2622 3985 2875 4066 diebus
2910 3989 3163 4066 Martis

666 4117 739 4185 et
783 4109 1006 4199 Iovis,
1040 4163 1062 4187 .
1108 4133 1130 4187 .·
1181 4123 1204 4186 .’
1255 4161 3163 4188 ...........................
3458 4107 3571 4184 XI
3586 4166 3610 4200 ,

952 4232 1028 4305 et
1075 4225 1326 4304 diebus
1383 4227 1570 4304 Iovis
1628 4235 1703 4303 et
1747 4225 2039 4302 Veneris
2051 4281 2595 4318 ........
2641 4219 2649 4226 ’
2648 4281 3175 4307 ........
3512 4225 3609 4302 X.

765 4344 1179 4447 Theologiae
1221 4346 1557 4424 naturalis
1600 4345 1744 4424 sive
1787 4343 2270 4447 Philosophiae
2307 4343 2398 4422 de
2433 4343 2591 4422 Deo
2632 4259 3082 4423 Historiam
3059 4369 3167 4424 m·

857 4463 1103 4566 primis
1164 4465 1620 4544 recentiorem
1676 4464 2089 4557 enarrabit,
2129 4463 2380 4542 diebus
2454 4464 2646 4542 Iovis
2711 4472 2787 4542 et
2843 4463 3135 4541 Veneris
3150 4521 3176 4554 ,
3539 4463 3600 4539 I.

761 4581 1134 4662 labrorum
1181 4583 1277 4662 N.
1320 4585 1403 4663 F.
1451 4583 1839 4662 Historiam
1880 4582 2142 4676 tradet,
2187 4581 2438 4672 diebus
2478 4581 2724 4660 Lunae
2760 4591 2835 4658 et
2872 4581 3165 4672 Martis,
3539 4581 3602 4659 Ι.

764 4699 1218 4782 Orationibus
1259 4703 1470 4782 sacris
1512 4701 1806 4806 praeerit
1843 4698 2096 4782 diebus
2131 4707 2204 4779 et
2239 4699 2428 4778 horis
2465 4699 2603 4778 sibi
2644 4705 2718 4778 et
2754 4699 3163 4778 candidatis

857 4819 1270 4934 Theologiae
1317 4821 1717 4906 commodis.
3068 4943 3117 5015 9
