4934 6184
1395 663 1483 730 50
2592 661 2649 726 J.
2722 658 3243 726 J.1’R1Ns

1400 865 1836 966 disciplinam
1880 851 2104 942 multo
2142 865 2458 964 aequior,
2496 865 2991 965 praeeuntibus
3024 866 3404 940 Nossnn‘ro
3423 920 3444 952 ,
3488 863 3904 942 Sr'annnmo
3924 921 3945 954 ,
3982 864 4397 940 Summo
4416 923 4437 953 ‚

1397 988 1784 1063 Pnsucxro
1803 1044 1824 1075 ,
1882 987 2277 1061 Cnaarssro
2325 995 2598 1074 nostr0,
2654 986 3239 1074 Haonusscmo,
3294 983 3481 1074 aliis,
3542 984 3783 1084 longe·
3818 984 4267 1084 praeferenda
4324 985 4435 1060 sit.

1397 1108 1530 1182 Est
1593 1105 1840 1182 saltem
1909 1106 2092 1180 inter
2135 1114 2477 1182 nostrates
2518 1107 2874 1206 divulgata
2914 1115 2986 1182 et
3024 1106 3366 1182 celebrata
3409 1104 3731 1180 maxime.
3836 1105 4059 1180 Cuius
4101 1104 4202 1180 rei
4238 1103 4437 1179 nobis

1397 1225 1596 1302 testis
1660 1236 1767 1301 est
1831 1225 2366 1302 Koormmsms
2390 1285 2411 1315 ‚
2463 1225 2566 1300 vir
2610 1227 3031 1302 clarissimus
3052 1284 3072 1315 ,
3124 1225 3281 1323 qui,
3332 1231 3493 1298 ante
3534 1223 3661 1300 hos
3712 1224 4023 1323 quinque
4070 1230 4143 1298 61
4193 1223 4437 1324 viginti

1395 1369 1614 1422 annos
1637 1405 1658 1436 ,
1728 1347 2036 1420 oratione
2095 1369 2222 1420 sua
2275 1345 2705 1446 inaugurali,
2770 1344 3416 1421 Amstelodami
3442 1343 3748 1446 habita,
3814 1343 4091 1444 egregie
4162 1344 4435 1431 docuit,

1400 1493 1488 1542 ex
1549 1466 2114 1566 interpretatione
2137 1525 2160 1555 ‚
2239 1464 2525 1542 historia
2544 1527 2565 1555 ,
2642 1466 3075 1566 philosophia
3144 1488 3425 1541 omnem
3501 1471 3813 1540 constare
3884 1463 4434 1562 Theologiae

1401 1586 2002 1686 disciplinam
2055 1609 2350 1684 eamque
2396 1586 2527 1662 hoc
2568 1586 2847 1662 nomine
2879 1610 3255 1686 prorsus
3298 1583 3818 1662 literariam
3864 1583 4227 1658 dicendam
4264 1607 4433 1657 esse.

1405 1706 1688 1786 Quibus
1753 1713 1988 1782 tamen
2056 1706 2194 1780 nisi
2252 1731 2414 1804 pars
2476 1707 2806 1796 addatur,
2871 1733 3083 1806 quam
3135 1731 3300 1806 prae
3358 1705 3601 1780 ceteris
3672 1705 4045 1804 practicam
4096 1704 4435 1804 appellare

1403 1826 1668 1913 solent,
1721 1847 2038 1922 quaeque
2057 1880 2078 1912 ,
2127 1822 2238 1898 his
2283 1825 2583 1900 maxime
2629 1826 2878 1902 diebus
2929 1853 2973 1902 a
3011 1828 3504 1903 Mnuamnmo
3530 1795 3733 1900 inter
3780 1833 4123 1900 nostrates
4168 1825 4437 1899 exculta

1401 1953 1473 2023 et
1523 1971 1568 2022 a
1614 1945 2113 2020 Nmnmnmno
2130 2001 2150 2032 ,
2203 1943 2558 2019 decessore
2595 1968 2751 2019 meo
2770 2002 2790 2033 ,
2840 1943 3321 2020 commendata
3340 2001 3361 2032 ,
3410 1941 3859 2042 Theologiam
3880 2003 3901 2032 ,
3951 1969 4131 2042 quae
4164 1942 4434 2031 dicitur,

1399 2065 1888 2142 catecheticam
1910 2120 1931 2153 ‚
1996 2063 2460 2138 homileticam
2483 2121 2504 2152 ,
2572 2063 2963 2163 liturgicum
2979 2121 3001 2152 ‚
3068 2063 3481 2162 pastoralem
3502 2121 3523 2152 ,
3594 2061 4435 2163 politico-ecclesiasticam

1401 2183 1880 2282 complectitur
1893 2240 1915 2271 ,
1987 2205 2078 2257 ne
2141 2183 2421 2281 plenam
2491 2183 2718 2258 omnis
2786 2182 3069 2258 omnino
3131 2182 3545 2281 Theologiae
3602 2182 4137 2282 descriptionem
4185 2183 4435 2258 habere

1397 2303 1844 2380 exisstimetil
1918 2303 2169 2401 Neque
2219 2302 2481 2401 putetis
2498 2361 2519 2390 ,
2569 2327 2827 2400 quaeso
2846 2360 2867 2390 ‚
2916 2302 3095 2378 hanc
3142 2301 3515 2401 practicam
3566 2302 4015 2402 Theologiam
4062 2303 4155 2378 ad
4201 2303 4435 2378 Sacro·

1393 2449 1556 2500 rum
1617 2423 2000 2499 antistitem
2061 2423 2383 2499 futurum
2448 2411 2892 2498 formandum
2952 2423 3153 2498 unice
3203 2423 3425 2498 valere
3440 2479 3461 2512 ,
3525 2427 3791 2498 ceteras
3840 2447 3997 2498 vero
4046 2446 4188 2498 non
4240 2424 4429 2498 item.

1393 2545 1552 2621 Imo
1618 2568 1776 2618 vero
1855 2543 2004 2618 sine
2067 2544 2313 2620 ceteris
2380 2543 2709 2619 omnibus
2777 2567 2867 2618 ne
2940 2543 3071 2618 rite
3135 2542 3353 2618 excoli
3412 2541 3699 2640 quidem
3719 2599 3740 2631 ,
3812 2542 4079 2619 nedum
4138 2543 4437 2619 exerceri

1394 2671 1624 2764 potest
1686 2664 1987 2762 practica
2053 2663 2170 2738 illa
2233 2663 2647 2762 Theologiae
2717 2687 2877 2762 pars
2894 2721 2917 2752 ,
2984 2687 3163 2762 quae
3216 2668 3289 2738 et
3350 2663 3501 2761 ipsa
3522 2721 3543 2750 ‚
3606 2687 4037 2762 quamquam
4096 2662 4181 2738 de
4238 2663 4439 2760 praxi

1399 2784 1548 2884 agit
1611 2783 2071 2860 ecclesiastica
2087 2840 2109 2873 ‚
2181 2791 2328 2858 tota
2399 2783 2773 2858 theoretica
2824 2790 2973 2872 est,
3039 2783 3227 2858 unde
3270 2782 3694 2882 reliquarum
3746 2784 4063 2860 omnium
4108 2790 4321 2882 caput
4368 2788 4439 2856 et

1395 2903 2060 2980 consummationem
2101 2927 2257 2978 eam
2307 2902 2451 2979 fere
2496 2903 2772 2980 dixeris.
2876 2903 3017 2978 Sed
3065 2902 3197 2980 hoc
3234 2901 3411 2978 mihi
3447 2903 3601 2978 volo
3617 2961 3637 2992 ,
3690 2902 4140 3003 Theologiam
4182 2891 4429 3000 exege‘-

1393 3025 1602 3100 ticam
1621 3081 1644 3112 ,
1715 3048 1894 3122 quae
1961 3022 2196 3100 critica
2255 3030 2328 3098 et
2393 3022 2850 3121 grammatica
2903 3020 3177 3096 Veteris
3243 3019 3566 3121 Novique
3617 3023 4047 3098 Testamenti
4096 3020 4435 3096 librorum

1397 3143 1964 3243 interpretatione
2011 3149 2326 3229 constat,
2377 3150 2448 3216 et
2493 3140 2887 3218 historicam
2909 3199 2927 3230 ,
2978 3165 3157 3240 quae
3204 3141 3304 3216 rei
3347 3140 3779 3220 Christianae
3837 3143 4036 3218 initia
4051 3201 4071 3232 ,
4120 3149 4433 3241 progres-

1399 3287 1518 3338 sus
1537 3319 1560 3352 ,
1613 3261 2116 3338 vicissitudines
2169 3260 2721 3359 hodiernumque
2775 3259 2927 3338 61116
2976 3267 3239 3336 statum
3282 3268 3593 3350 enarrat,
3642 3269 3716 3338 et
3762 3261 4243 3362 philosopham
4292 3261 4433 3334 sive

1403 3382 1914 3479 systematicam
1934 3439 1954 3470 ,
2024 3405 2202 3480 quae
2262 3383 2338 3458 in
2387 3380 2797 3478 exponenda
2862 3389 3173 3458 versatur
3226 3381 3577 3481 religionis
3631 3380 4067 3458 Christianae
4124 3380 4432 3456 doctrina

1399 3525 1564 3576 cum
1640 3500 2068 3600 dogmatica,
2139 3509 2294 3576 tum
2361 3501 2587 3576 ethica
2609 3559 2630 3590 ,
2700 3501 2892 3577 haud
2958 3502 3193 3578 minus
3246 3509 3457 3601 atque
3520 3501 3899 3601 practicam
3950 3501 4144 3576 illam
4200 3500 4289 3576 ab
4348 3523 4431 3574 eo

1401 3618 1724 3694 colendas
1801 3644 1950 3696 esse
1967 3676 1988 3709 ‚
2061 3621 2184 3720 qui
2245 3643 2537 3696 munere
2580 3621 2789 3698 Sacro
2829 3621 3201 3719 aliquando
3246 3621 3449 3721 fungi
3488 3622 3561 3699 in
3615 3621 3791 3698 votis
3841 3620 4116 3698 habeat.
4217 3619 4429 3699 Quod

1399 3738 1690 3814 simulac
1758 3739 2068 3816 muneris
2129 3739 2316 3815 illius
2338 3799 2358 3830 ,
2423 3741 2750 3816 orationis
2810 3741 3011 3816 initio
3070 3741 3369 3818 breviter
3426 3741 3787 3841 descripti,
3853 3737 4075 3817 officia
4120 3738 4311 3815 vobis
4352 3738 4429 3812 in

1397 3859 1804 3935 memoriam
1879 3860 2352 3936 revocaveritis
2372 3919 2392 3950 ,
2472 3885 2749 3936 mecum
2817 3861 2952 3961 ipsi
3016 3861 3441 3960 perspicietis
3506 3861 3856 3936 continuo.
3978 3858 4176 3939 Quid
4244 3856 4429 3933 enim

1403 3981 1768 4072 Sacrorum
1843 3982 2180 4056 antistes?
2283 3981 2464 4056 Rem
2538 3981 3005 4058 Christianam
3082 3981 3529 4081 promovendi
3545 4038 3566 4070 ,
3642 3982 3919 4056 Sacram
4002 3977 4426 4079 Scripturam

1405 4123 1634 4174 coram
1699 4101 1956 4198 populo
2019 4101 2408 4198 explicandi
2429 4160 2450 4190 ‚
2526 4101 2872 4201 religionis
2937 4101 3405 4177 sanctissimae
3465 4100 3846 4178 doctrinam
3864 4159 3885 4190 ,
3957 4123 4191 4175 veram
4238 4097 4425 4172 illam

1405 4243 1796 4318 puramque
1813 4277 1835 4308 ,
1919 4221 2280 4309 tradendi,
2347 4222 2741 4298 illustrandi
2759 4280 2779 4310 ,
2849 4220 3299 4310 defendendi,
3366 4221 3679 4298 indoctos
3744 4243 4202 4320 quoscunque
4271 4241 4423 4292 eru-

1401 4338 1640 4414 diendi
1660 4397 1681 4428 ,
1751 4337 2060 4414 eruditos
2120 4338 2195 4413 in
2270 4340 2409 4415 fide
2478 4341 2631 4418 Deo
2705 4341 3175 4441 Cnars'roque
3244 4340 3483 4418 habita
3552 4340 4009 4418 confirmandi
4028 4398 4049 4428 ‚
4124 4345 4425 4412 errantes

1391 4456 1980 4557 reprehendendi,
2051 4457 2338 4533 afflictos
2409 4458 2837 4557 miserosque
2900 4460 3299 4536 consolandi
3318 4519 3339 4548 ,
3407 4485 3647 4537 omnes
3710 4461 3997 4536 omnino
4054 4457 4147 4534 ad
4212 4457 4427 4532 vitam

1398 4603 1556 4654 vere
1599 4578 2064 4654 Christianam
2109 4579 2513 4654 cohortandi
2532 4635 2555 4668 ,
2606 4579 2815 4654 verbo
2860 4579 3087 4656 dicam
3106 4637 3127 4670 ,
3178 4579 3473 4656 docendi
3511 4581 3862 4681 provincia
3896 4581 3963 4655 ei
4000 4579 4075 4653 in
4118 4576 4427 4654 Ecclesia

1399 4697 1814 4774 demandata
1874 4708 2002 4777 est.
2101 4699 2308 4776 Hanc
2364 4708 2603 4778 autem
2666 4699 2961 4779 docendi
3009 4701 3429 4800 provinciam
3482 4702 3829 4802 suscipere
3868 4724 4161 4798 eamque
4202 4698 4425 4774 admi-

1405 4817 1696 4902 nistrare
1714 4876 1735 4909 ,
1803 4819 1940 4896 nisi
2005 4820 2157 4918 ipse
2198 4845 2346 4901 rem
2395 4821 2859 4902 Christianam
2906 4821 3353 4924 probabiliter
3400 4821 3687 4900 edoctus
3736 4821 3872 4912 sit,
3920 4841 4129 4898 nemo
4174 4826 4425 4920 potest.
