4934 6184
1354 616 1442 742 ΞΒ
2445 670 3307 740 S.VISSER1NG

1353 889 1424 958 et
1469 882 1744 958 nescius
1788 881 1977 956 idem
2028 885 2322 954 testatur
2377 878 2466 952 de
2510 878 2596 953 iis
2639 878 2830 978 quod
2864 877 2990 952 diu
3030 885 3189 954 ante
3232 877 3375 952 iam
3418 879 3714 949 testatus
3756 874 3982 950 fuerat
4026 877 4343 954 'I'Am‘rus
4360 912 4381 952 ι

1357 1027 1604 1078 nnemo
1651 1002 1791 1076 illic
1841 1000 2004 1076 vitia
2053 1001 2274 1090 ridet,
2321 1023 2450 1075 nec
2496 1023 2934 1099 corrumpere
2981 1006 3053 1072 et
3099 991 3446 1094 corrumpi
3492 995 3829 1070 saeculum
3876 1004 4157 1072 vocatur
4206 1000 4382 1090 68).”

1445 1241 1523 1314 Si
1583 1264 1740 1314 vero
1807 1236 2006 1310 illum
2069 1237 2156 1310 de
2227 1237 2454 1311 causis
2502 1237 2715 1310 huius
2764 1236 3143 1311 modestiae
3200 1241 3271 1309 et
3322 1234 3716 1322 ἀπαθείας
3764 1241 3875 1328 (ut
3917 1261 4080 1310 cum
4137 1237 4387 1312 Stoicis

1353 1361 1621 1456 loquar)
1688 1359 2070 1455 interrogas
2088 1413 2110 1445 ,
2177 1355 2352 1430 duas
2411 1357 2727 1455 inprimis
2786 1356 3018 1430 affert=
3085 1356 3373 1430 alteram
3417 1353 3815 1430 nimbosum
3856 1355 4031 1430 illud
4075 1358 4339 1433 coelum
4362 1417 4383 1446 ,

1347 1479 1433 1553 de
1472 1503 1612 1578 quo
1655 1478 1797 1552 iam
1839 1477 2112 1574 saepius
2134 1501 2360 1550 sermo
2377 1476 2579 1552 nobis
2600 1477 2773 1565 fuit3
2810 1477 3094 1550 alteram
3118 1482 3353 1550 autem
3378 1471 3861 1551 alimentorum
3886 1475 4235 1551 defectum
4253 1479 4378 1570 ⁶⁹).

1343 1601 1582 1678 Quam
1627 1605 2048 1696 postremam
2093 1619 2222 1669 nec
2279 1595 2494 1669 semel
2516 1653 2537 1683 ,
2585 1619 2814 1692 neque
2864 1602 2944 1667 ut
2991 1594 3065 1666 in
3118 1593 3417 1668 transitu
3456 1594 3781 1693 attingit,
3831 1620 4072 1670 verum
4121 1597 4377 1672 iterum

1341 1719 1735 1814 iterumque
1791 1725 2000 1813 atque
2061 1739 2148 1788 ex
2196 1714 2540 1789 industria
2582 1713 2901 1789 inculcat.
3000 1713 3369 1801 Nescitur,
3420 1714 3796 1803 exclamat,
3846 1721 4180 1813 quantam
4236 1717 4374 1792 vim

1339 1839 1413 1911 in
1492 1836 1790 1935 corporis
1867 1834 2221 1932 animique
2289 1833 2503 1908 robur
2584 1832 2888 1908 habeant
2958 1832 3274 1907 ciborum
3344 1839 3595 1907 natura
3670 1841 3740 1907 et
3820 1835 4058 1909 virtus.
4162 1836 4379 1935 Saepe

1338 1957 1574 2032 audivi
1617 1955 1970 2030 medicum
2022 1953 2398 2053 quemdam
2448 1951 2887 2052 profitentem
2908 2009 2929 2041 ,
2980 1977 3183 2052 posse
3234 1977 3307 2027 se
3358 1953 3663 2052 maligne
3713 1979 3943 2028 escam
3989 1956 4380 2053 praebendo

1339 2077 1653 2176 quemvis
1718 2075 2174 2150 fortissimum
2245 2073 2470 2149 virum
2542 2075 2725 2148 intra
2787 2073 2963 2148 duos
3032 2098 3303 2148 menses
3369 2074 3656 2154 reddere
3716 2075 4069 2173 ignavum.
4190 2076 4379 2152 Hinc

1337 2221 1488 2271 esse
1563 2222 1687 2271 eur
1752 2196 1935 2268 inter
2009 2193 2332 2268 animalia
2392 2202 2747 2293 praestent
2816 2193 3168 2268 carnivora
3234 2193 3643 2284 herbaticis3
3712 2195 3874 2269 hinc
3938 2195 4149 2270 etiam
4202 2197 4405 2272 inter·

1335 2318 1650 2392 homines
1699 2341 1821 2392 cur
1866 2314 2331 2414 opulentiores
2375 2303 2717 2413 imperent
2764 2313 3187 2413 plebiculae,
3238 2321 3319 2388 ut
3363 2339 3541 2414 quae
3588 2339 3729 2388 non
3775 2315 3997 2415 magis
4042 2317 4380 2392 serviendi

1341 2463 1476 2512 usu
1495 2496 1516 2526 ,
1569 2462 1780 2536 quam
1823 2437 1977 2536 ipsa
2019 2441 2328 2534 egestate
2377 2435 2831 2535 opprimatur.
2931 2435 3125 2510 Hinc
3168 2459 3446 2534 quoque
3486 2436 3748 2510 factum
3796 2429 4003 2526 esse,
4030 2437 4379 2512 exsultans

1333 2557 1532 2631 addit
1559 2559 1655 2650 ⁰⁰)
1680 2616 1701 2646 ,
1737 2566 1820 2630 ut
1863 2556 2082 2633 nostri
2119 2555 2442 2629 Britanni
2484 2556 2743 2644 coloni,
2795 2554 2921 2654 qui
2959 2555 3215 2655 oppido
3240 2555 3564 2631 carnibus
3592 2555 3685 2630 ali
3711 2556 4135 2632 insueverint
4153 2615 4172 2645 ,
4227 2583 4377 2634 cae-

1336 2687 1517 2751 teros
1566 2702 1808 2752 omnes
1849 2678 2102 2751 virtute
2141 2683 2487 2775 superent.
2590 2674 2776 2766 Quid
2821 2699 2985 2774 ergo
3028 2675 3287 2750 mirum
3305 2733 3327 2765 ,
3376 2675 3449 2748 in
3488 2675 3899 2764 Hollandia,
3952 2675 4079 2750 ubi
4122 2677 4373 2776 vulgus

1332 2798 1446 2871 vix
1495 2823 1635 2871 una
1703 2798 1814 2871 die
1867 2798 1952 2870 de
2007 2804 2271 2892 septem
2315 2797 2446 2870 hac
2501 2795 2829 2883 vescitur,
2879 2793 3187 2891 priscum
3238 2797 3483 2895 populi
3529 2796 3812 2894 periisse
3862 2798 4222 2897 vigorem?
4272 2839 4366 2856 —-·

1323 2919 1425 3012 Ita
1474 2917 1650 2991 nihil
1703 2924 1808 2990 est
1853 2916 1928 2988 in
1975 2916 2176 2989 terris
2218 2916 2420 3004 novi,
2467 2914 2557 2989 A.
2610 2913 2749 2989 H.l
2826 2915 2921 2988 Et
2975 2915 3099 3014 qui
3152 2915 3359 2991 hodie
3402 2917 3583 2992 hanc
3630 2916 3873 3017 popu!i
3932 2917 4153 2993 nostri
4210 2941 4369 2992 cau-

1323 3061 1472 3110 sam
1544 3035 1820 3133 agimus
1890 3041 2256 3108 strenuum
2315 3034 2657 3108 habemus
2721 3057 2851 3107 nec
2912 3036 3279 3133 opinatum
3326 3036 3801 3111 auxiliatorem
3821 3094 3842 3126 ,
3891 3037 4183 3112 eandem
4228 3037 4367 3111 iam

1324 3162 1483 3230 ante
1535 3156 1872 3230 ducentos
1919 3178 2138 3230 annos
2191 3179 2277 3230 ex
2325 3154 2671 3232 industria
2718 3161 3053 3230 tuentem.

1417 3513 1719 3588 Habetis
1737 3573 1758 3603 ,
1805 3514 1895 3589 A.
1943 3515 2036 3604 A,
2057 3569 2078 3603 ,
2127 3537 2308 3614 quae
2357 3514 2734 3592 'summus
2782 3515 2871 3592 de
2918 3515 3337 3591 Hollandiae
3380 3514 3775 3591 conditione
3830 3521 3902 3590 et
3944 3514 4361 3603 Batavorum

1320 3635 1637 3710 moribus
1682 3622 2051 3734 praecipua
2099 3635 2442 3733 exposuit.
2543 3636 2755 3712 Plura
2806 3637 3093 3736 quidem
3139 3636 3439 3736 proferre
3480 3659 3845 3735 possemus
3864 3693 3886 3725 ‚
3938 3633 4063 3708 sed
4113 3633 4361 3708 modus

1326 3755 1768 3829 adhibendus
1816 3761 1942 3831 est.
1994 3801 2092 3816 -
2137 3753 2345 3831 Hanc
2392 3756 2611 3856 igitur
2650 3765 2931 3856 gentem
2978 3756 3128 3832 diro
3178 3757 3443 3832 excidio
3493 3756 3912 3830 destinatam
3958 3761 4030 3828 et
4080 3753 4359 3830 iamiam

1325 3874 1395 3947 in
1439 3875 1980 3951 internecionem
2027 3875 2408 3976 abruptum
2457 3877 2545 3950 iri
2596 3878 2944 3953 existimat
2985 3886 3056 3952 et
3100 3877 3394 3954 candide
3436 3877 3747 3977 deplorat
3779 3878 3902 3968 ⁶1).
4002 3876 4160 3949 Imo
4198 3874 4357 3950 hinc

1241 4027 1248 4036 ·
1316 3994 1468 4092 ipsa
1541 3997 1606 4068 ei
1665 3996 1882 4094 petita
1937 4005 2044 4071 est
2089 3997 2356 4072 occasio
2411 3998 2777 4076 scribendi.
2876 4000 3261 4099 Postquam
3318 3998 3443 4091 (ita
3493 3997 3651 4072 libri
3704 3997 3813 4071 sui
3862 3995 4353 4094 praefationem

1311 4115 1692 4206 exorditur)
1765 4116 2154 4191 videramus
2224 4117 2402 4192 hanc
2469 4119 2820 4196 civitatem
2876 4120 2968 4195 ad
3023 4121 3099 4194 id
3149 4119 3507 4219 fastigium
3556 4117 3985 4216 opulentiae,
4048 4115 4309 4216 gloriae
4331 4173 4349 4201 ,

1309 4236 1876 4310 commerciorum
1944 4244 2016 4310 et
2082 4236 2509 4336 frequentiae
2573 4249 2876 4315 evectam
2900 4298 2919 4328 ,
2987 4265 3127 4340 quo
3194 4240 3494 4314 invidiae
3550 4237 3901 4312 nonnullis
3916 4294 3937 4324 ,
4002 4235 4352 4312 formidini

1310 4353 1462 4428 aliis
1484 4413 1503 4442 ,
1575 4355 1892 4455 prodigio
1957 4357 2225 4431 cunctis
2277 4359 2655 4435 exstitisset
2699 4362 2939 4435 vicinis
2993 4361 3265 4464 populis
3286 4420 3307 4450 ,
3357 4360 3649 4434 eandem
3702 4382 3966 4456 nupera
4008 4361 4264 4432 aestate
4308 4379 4347 4426 e

1241 4471 1248 4479 ’
1307 4473 1538 4548 media
1607 4476 1840 4573 quiete
1906 4483 1978 4551 et
2041 4476 2515 4555 incolumitate
2584 4490 2745 4580 post
2812 4506 3068 4580 paucos
3141 4482 3289 4555 dies
3350 4487 3421 4556 et
3485 4479 3937 4579 paucissimas
3992 4476 4218 4550 clades
4273 4473 4347 4548 in

1309 4603 1686 4672 extremam
1751 4599 2125 4698 perniciem
2190 4599 2561 4698 collapsam
2626 4600 3133 4698 conspeximus.
3252 4587 3519 4698 Igitur,
3592 4606 3675 4672 ut
3729 4597 3993 4672 nullius
4048 4592 4346 4669 hominis

1311 4714 1451 4788 vita
1523 4725 1704 4790 recte
1773 4719 2158 4794 declaratur
2227 4720 2638 4820 priusquam
2699 4720 2962 4794 venerit
3029 4719 3277 4794 ultima
3348 4720 3498 4794 dies
3517 4777 3539 4809 ‚
3615 4724 4092 4817 opportunum
4161 4737 4345 4789 nunc

1313 4833 1454 4907 iam
1501 4835 1716 4910 videri
1761 4836 1980 4936 possit
2025 4838 2235 4913 huius
2279 4839 2730 4938 Reipublicae
2772 4839 3277 4915 vicissitudines
3314 4862 3845 4924 commemorare
3874 4837 3995 4930 62).
4048 4877 4147 4894 --
4198 4833 4339 4909 Ad-
